2160 4372
143 730 196 783 m
455 729 648 786 commus,

140 915 252 978 Tollere
265 919 327 979 vela
338 921 453 993 iterum,
471 922 580 982 validos
593 917 722 979 incidere
736 913 828 975 funes

140 1060 208 1123 nux
216 1064 302 1138 jubet
310 1087 320 1140 ;
344 1067 425 1127 illum
440 1067 512 1127 adeo
524 1065 681 1141 majoribus
695 1045 817 1141 {equora
831 1061 905 1121 raus

139 1208 281 1272 Ulteriora
293 1223 406 1283 vocant,
427 1233 460 1272 ac
473 1231 570 1271 rerum
584 1212 732 1288 augustior
744 1207 827 1267 ordo.

137 1328 199 1419 En!
222 1358 272 1416 ubi
286 1359 416 1418 centenis
427 1357 577 1416 fluviorum
590 1354 720 1414 fontibus
733 1370 845 1431 agmen

41 1495 47 1505 ⁸
137 1499 280 1570 Effundit,
299 1502 404 1581 pelago
415 1502 528 1561 voluens
542 1502 673 1560 Oronoco
686 1499 813 1568 sonanti,

137 1650 219 1711 Mille
232 1670 288 1728 per
300 1653 443 1710 immunes
456 1648 586 1728 populos,
606 1667 719 1707 sensere
732 1656 872 1706 ruentem

136 1791 255 1861 Littora,
274 1803 303 1853 et
317 1814 354 1852 ex
368 1797 427 1854 imo
439 1796 582 1873 gemitum
596 1803 680 1873 pater
692 1792 788 1853 edidit
801 1813 900 1854 amne.

134 1932 220 1994 Illum
233 1934 406 1997 allabentenr
416 1939 480 2012 jam
491 1957 569 1997 nuno
582 1946 667 2015 paret
680 1938 776 1996 exeita
791 1937 878 1997 tellus

134 2081 297 2157 Guaisme3
318 2086 448 2143 attonite
461 2091 552 2152 motu,
564 2092 594 2143 et
607 2102 665 2160 qun
678 2081 802 2143 creditur
815 2091 910 2141 utrum

135 2225 284 2291 Honduroe
297 2248 412 2300 nemus,
430 2237 481 2288 aut
494 2230 581 2287 serios
594 2227 646 2286 ubi
660 2229 780 2288 Mexico
792 2242 891 2287 rerum

132 2375 247 2439 Artifici
260 2375 316 2445 filo,
334 2378 494 2454 plumaque
508 2377 664 2453 interprete
678 2376 786 2453 pingit,

133 2519 232 2597 Usque
246 2517 286 2578 sd
297 2519 514 2579 Amazonidum
527 2522 606 2597 ripas
617 2519 765 2596 Plotreque
777 2519 896 2590 fluente,

132 2660 270 2740 Undique
283 2663 458 2721 conveniunt
471 2672 581 2742 gentes,
594 2683 667 2744 ques
680 2667 790 2724 nuncio
802 2666 861 2726 late

132 2806 223 2866 Fama
236 2807 308 2866 ciet:
329 2814 414 2884 rapto
426 2806 556 2866 celerans
569 2807 646 2867 subit
658 2806 764 2866 efferus
777 2826 849 2868 arcu

132 2950 227 3013 Quem
240 2970 326 3012 cursu
339 2951 453 3012 assiduo
465 2953 652 3033 gaudentem,
670 2962 700 3012 et
712 2953 794 3013 caede
808 2954 902 3015 serina

132 3099 264 3160 Cumana
277 3110 391 3162 exercet
404 3101 497 3179 sylvis,
510 3119 656 3178 quemque
670 3100 761 3160 ardue
775 3111 892 3181 propter

132 3245 240 3307 Littora
253 3248 372 3324 piscosis
384 3247 478 3324 pascit
491 3246 655 3325 Niceraguo
668 3248 777 3326 stagnis

131 3391 274 3461 Maxima,
293 3412 459 3470 semesoque
471 3413 571 3453 recens
583 3393 730 3453 Caribaeus
743 3395 781 3453 eb
793 3396 883 3456 hoste.

132 3535 201 3594 Esse
215 3536 323 3594 etenim
337 3536 367 3593 in
381 3535 457 3604 fatis,
476 3538 517 3595 sie
530 3536 636 3596 multos
648 3537 728 3596 same
740 3558 794 3616 per
807 3558 898 3600 eunus

132 3678 313 3753 Tradiderat,
333 3682 392 3743 fore
406 3684 572 3764 longinquis
584 3703 602 3745 e
614 3684 731 3747 sedibus
744 3687 815 3747 olim
