2160 4402
258 793 415 850 rtcuuuu
433 796 471 849 IN
489 796 610 853 VITRO.
806 791 860 848 m

107 989 252 1048 tollentem
266 1009 375 1070 magna
388 994 414 1051 vi
428 991 549 1051 brachia
563 992 688 1058 fabrum,
739 978 774 994 ”
829 984 860 989 ”

105 1155 169 1215 ique
184 1138 215 1195 in
230 1137 328 1197 medio
341 1141 461 1215 aspexit,
481 1140 639 1216 crebroque
653 1132 800 1196 volantem
857 1143 860 1181 ἴ

105 1281 181 1350 llam,
201 1293 231 1344 et
242 1303 303 1342 sese
315 1285 432 1352 flamma
446 1286 579 1362 propiore
593 1285 720 1342 retraxit.

105 1435 123 1484 »t
134 1427 193 1486 fuci
208 1448 335 1498 veneres,
355 1448 422 1507 quae
437 1434 529 1507 gratia
544 1429 637 1488 vivida
651 1430 717 1486 vitri

105 1575 232 1634 mitanda
246 1579 355 1635 nitent?
378 1577 448 1635 duur
462 1579 549 1636 taedae
562 1575 718 1654 languidus
732 1574 808 1653 iguis

124 1731 155 1780 et
169 1724 313 1782 intabuit
327 1727 422 1802 pienae
437 1726 514 1784 urata
526 1726 599 1784 lucis
611 1727 711 1802 imago

105 1871 151 1926 nit
161 1869 321 1938 ardentem,
341 1871 440 1929 Phoebi
453 1873 570 1949 qualem
583 1873 701 1948 accipit,
713 1869 824 1936 orbem,

105 2016 163 2093 »prii
178 2014 266 2074 radiis
278 2019 419 2075 mentitur
431 2018 495 2075 luce
509 2018 577 2077 diei.

105 2163 208 2219 imium
221 2161 332 2239 fragilis
346 2160 448 2221 decor!
471 2165 532 2221 Osi
547 2164 641 2221 flexile
655 2172 745 2231 tactu,

105 2305 130 2364 ui
144 2307 259 2383 paticus
273 2315 398 2364 mutaret
411 2306 520 2365 ductile
533 2306 673 2364 formam!

105 2455 258 2533 uou'longa
272 2455 344 2523 dies,
362 2455 500 2514 coelorum
515 2465 565 2513 aut
578 2465 695 2533 proruet
710 2456 762 2522 ira,

105 2620 143 2658 ue
157 2603 262 2661 iterum
276 2602 401 2659 flammis
415 2603 437 2658 si
449 2601 522 2660 forte
533 2604 611 2660 exire
625 2610 769 2680 superstes

107 2749 142 2805 iis
154 2758 259 2825 posset,
279 2750 401 2806 minimo
414 2748 606 2827 confringitur
619 2752 698 2824 ictu;

105 2913 141 2953 ur
152 2913 237 2953 omne
252 2895 355 2960 solum,
373 2896 431 2953 late
445 2895 515 2953 dum
529 2898 622 2954 tristia
634 2903 797 2954 monstrant

105 3045 152 3102 ina
165 3041 312 3100 crudelem
325 3062 476 3120 uunquam
485 3041 638 3119 jungenda
650 3043 776 3099 ruinam.

105 3208 124 3247 u
136 3198 167 3248 et
179 3188 256 3265 longi
271 3197 400 3248 extremo
413 3190 466 3247 sub
480 3188 537 3245 fine
550 3188 666 3254 laboris,

105 3355 142 3397 un
154 3335 299 3413 perfectas
308 3337 497 3409 conjunxerat
509 3334 610 3401 ordine
621 3333 738 3405 formas,

105 3493 174 3561 tque
188 3483 283 3559 operis
296 3483 391 3557 pictor
403 3484 571 3559 contingere
584 3499 739 3550 summam,
826 3543 830 3551 ,

105 3648 172 3707 ipsu
184 3638 303 3687 contusa
317 3631 393 3706 perit
407 3631 522 3706 pictura
535 3629 666 3687 sinistro!

105 3794 154 3835 uas
168 3778 209 3834 ita
222 3793 288 3833 cum
303 3793 387 3833 vocer
400 3775 521 3837 Cumaea
534 3773 667 3834 sacerdos

382 3930 445 3982 us
