<?xml version="1.0" encoding="UTF-8"?>
<!DOCTYPE html PUBLIC "-//W3C//DTD XHTML 1.0 Transitional//EN"
    "http://www.w3.org/TR/xhtml1/DTD/xhtml1-transitional.dtd">
<html xmlns="http://www.w3.org/1999/xhtml" xml:lang="en" lang="en">
 <head>
  <title>
</title>
<meta http-equiv="Content-Type" content="text/html;charset=utf-8" />
  <meta name='ocr-system' content='tesseract 3.04.00' />
  <meta name='ocr-capabilities' content='ocr_page ocr_carea ocr_par ocr_line ocrx_word'/>
</head>
<body>
  <div class='ocr_page' id='page_1' title='image "./poematapraemiis00oxfogoog_0273.png"; bbox 0 0 2160 4372; ppageno 0'>
   <div class='ocr_carea' id='block_1_1' title="bbox 131 681 742 743">
    <p class='ocr_par' dir='ltr' id='par_1_1' title="bbox 131 681 742 743">
     <span class='ocr_line' id='line_1_1' title="bbox 131 681 742 743; baseline 0.01 -8"><span class='ocrx_word' id='word_1_1' title='bbox 131 681 167 735; x_wconf 67' lang='lat' dir='ltr'>Bt</span> <span class='ocrx_word' id='word_1_2' title='bbox 361 687 495 743; x_wconf 73' lang='lat' dir='ltr'>CLASSIS</span> <span class='ocrx_word' id='word_1_3' title='bbox 512 686 742 741; x_wconf 70' lang='lat' dir='ltr'>untraumcn</span> 
     </span>
    </p>
   </div>
   <div class='ocr_carea' id='block_1_2' title="bbox 105 875 914 2709">
    <p class='ocr_par' dir='ltr' id='par_1_2' title="bbox 134 875 914 2415">
     <span class='ocr_line' id='line_1_2' title="bbox 135 875 858 957; baseline 0.003 -26"><span class='ocrx_word' id='word_1_4' title='bbox 135 875 239 942; x_wconf 78' lang='lat' dir='ltr'>Altius,</span> <span class='ocrx_word' id='word_1_5' title='bbox 259 875 459 955; x_wconf 88' lang='lat' dir='ltr'>undarumque</span> <span class='ocrx_word' id='word_1_6' title='bbox 474 898 578 948; x_wconf 86' lang='lat' dir='ltr'>moras,</span> <span class='ocrx_word' id='word_1_7' title='bbox 598 887 742 957; x_wconf 67' lang='lat' dir='ltr'>aestusque</span> <span class='ocrx_word' id='word_1_8' title='bbox 755 890 858 954; x_wconf 77' lang='lat' dir='ltr'>rapauet</span> 
     </span>
     <span class='ocr_line' id='line_1_3' title="bbox 134 1019 840 1097; baseline 0 -21"><span class='ocrx_word' id='word_1_9' title='bbox 134 1019 169 1076; x_wconf 80' lang='lat' dir='ltr'>Vi</span> <span class='ocrx_word' id='word_1_10' title='bbox 185 1039 342 1097; x_wconf 83' lang='lat' dir='ltr'>superans;</span> <span class='ocrx_word' id='word_1_11' title='bbox 364 1021 485 1080; x_wconf 80' lang='lat' dir='ltr'>strident</span> <span class='ocrx_word' id='word_1_12' title='bbox 499 1021 600 1081; x_wconf 75' lang='lat' dir='ltr'>validis</span> <span class='ocrx_word' id='word_1_13' title='bbox 613 1023 740 1081; x_wconf 82' lang='lat' dir='ltr'>exercita</span> <span class='ocrx_word' id='word_1_14' title='bbox 751 1021 840 1079; x_wconf 76' lang='lat' dir='ltr'>rustris</span> 
     </span>
     <span class='ocr_line' id='line_1_4' title="bbox 136 1155 914 1246; baseline 0.001 -24"><span class='ocrx_word' id='word_1_15' title='bbox 136 1167 263 1244; x_wconf 79' lang='lat' dir='ltr'>Agmina</span> <span class='ocrx_word' id='word_1_16' title='bbox 277 1186 371 1245; x_wconf 86' lang='lat' dir='ltr'>aquae,</span> <span class='ocrx_word' id='word_1_17' title='bbox 390 1179 420 1227; x_wconf 90' lang='lat' dir='ltr'>et</span> <span class='ocrx_word' id='word_1_18' title='bbox 432 1170 533 1227; x_wconf 88' lang='lat' dir='ltr'>crebro</span> <span class='ocrx_word' id='word_1_19' title='bbox 544 1176 733 1246; x_wconf 72' lang='lat' dir='ltr'>spumescant</span> <span class='ocrx_word' id='word_1_20' title='bbox 745 1155 914 1227; x_wconf 74' lang='lat' dir='ltr'>mminutti</span> 
     </span>
     <span class='ocr_line' id='line_1_5' title="bbox 137 1310 797 1387; baseline 0.006 -19"><span class='ocrx_word' id='word_1_21' title='bbox 137 1310 260 1380; x_wconf 79' lang='lat' dir='ltr'>Interea,</span> <span class='ocrx_word' id='word_1_22' title='bbox 280 1332 330 1371; x_wconf 81' lang='lat' dir='ltr'>eeu</span> <span class='ocrx_word' id='word_1_23' title='bbox 344 1332 425 1372; x_wconf 85' lang='lat' dir='ltr'>mens</span> <span class='ocrx_word' id='word_1_24' title='bbox 438 1316 559 1372; x_wconf 90' lang='lat' dir='ltr'>nimium</span> <span class='ocrx_word' id='word_1_25' title='bbox 566 1314 706 1387; x_wconf 79' lang='lat' dir='ltr'>jactantis</span> <span class='ocrx_word' id='word_1_26' title='bbox 720 1311 797 1373; x_wconf 83' lang='lat' dir='ltr'>Iberi</span> 
     </span>
     <span class='ocr_line' id='line_1_6' title="bbox 137 1458 832 1539; baseline 0.003 -22"><span class='ocrx_word' id='word_1_27' title='bbox 137 1459 286 1517; x_wconf 79' lang='lat' dir='ltr'>Auriferaa</span> <span class='ocrx_word' id='word_1_28' title='bbox 298 1479 398 1519; x_wconf 83' lang='lat' dir='ltr'>vexare</span> <span class='ocrx_word' id='word_1_29' title='bbox 412 1461 513 1539; x_wconf 79' lang='lat' dir='ltr'>plagas</span> <span class='ocrx_word' id='word_1_30' title='bbox 520 1485 531 1532; x_wconf 69' lang='grc' dir='ltr'><strong>ς</strong></span> <span class='ocrx_word' id='word_1_31' title='bbox 552 1481 602 1520; x_wconf 75' lang='lat' dir='ltr'>eeu</span> <span class='ocrx_word' id='word_1_32' title='bbox 616 1480 693 1537; x_wconf 82' lang='lat' dir='ltr'>saepe</span> <span class='ocrx_word' id='word_1_33' title='bbox 707 1458 832 1520; x_wconf 80' lang='lat' dir='ltr'>secundo</span> 
     </span>
     <span class='ocr_line' id='line_1_7' title="bbox 139 1603 851 1686; baseline 0.006 -26"><span class='ocrx_word' id='word_1_34' title='bbox 139 1603 235 1661; x_wconf 84' lang='lat' dir='ltr'>Marte</span> <span class='ocrx_word' id='word_1_35' title='bbox 248 1606 440 1682; x_wconf 84' lang='lat' dir='ltr'>triumphatos</span> <span class='ocrx_word' id='word_1_36' title='bbox 455 1608 484 1664; x_wconf 90' lang='lat' dir='ltr'>in</span> <span class='ocrx_word' id='word_1_37' title='bbox 498 1607 598 1684; x_wconf 79' lang='lat' dir='ltr'>praelia</span> <span class='ocrx_word' id='word_1_38' title='bbox 612 1625 729 1686; x_wconf 84' lang='lat' dir='ltr'>poscere</span> <span class='ocrx_word' id='word_1_39' title='bbox 743 1606 851 1671; x_wconf 65' lang='lat' dir='ltr'>Galim</span> 
     </span>
     <span class='ocr_line' id='line_1_8' title="bbox 139 1751 825 1835; baseline 0.009 -29"><span class='ocrx_word' id='word_1_40' title='bbox 139 1751 248 1808; x_wconf 83' lang='lat' dir='ltr'>Ductor</span> <span class='ocrx_word' id='word_1_41' title='bbox 260 1755 342 1831; x_wconf 84' lang='lat' dir='ltr'>aquis</span> <span class='ocrx_word' id='word_1_42' title='bbox 354 1757 409 1813; x_wconf 85' lang='lat' dir='ltr'>iter</span> <span class='ocrx_word' id='word_1_43' title='bbox 422 1757 453 1813; x_wconf 92' lang='lat' dir='ltr'>in</span> <span class='ocrx_word' id='word_1_44' title='bbox 466 1754 569 1814; x_wconf 78' lang='lat' dir='ltr'>mediis</span> <span class='ocrx_word' id='word_1_45' title='bbox 582 1757 729 1815; x_wconf 75' lang='lat' dir='ltr'>interritus</span> <span class='ocrx_word' id='word_1_46' title='bbox 742 1763 825 1835; x_wconf 81' lang='lat' dir='ltr'>urget</span> 
     </span>
     <span class='ocr_line' id='line_1_9' title="bbox 139 1894 827 1977; baseline 0.007 -27"><span class='ocrx_word' id='word_1_47' title='bbox 139 1894 289 1972; x_wconf 82' lang='lat' dir='ltr'>Angticus,</span> <span class='ocrx_word' id='word_1_48' title='bbox 308 1897 476 1977; x_wconf 83' lang='lat' dir='ltr'>obsidioque</span> <span class='ocrx_word' id='word_1_49' title='bbox 490 1900 597 1977; x_wconf 79' lang='lat' dir='ltr'>premit</span> <span class='ocrx_word' id='word_1_50' title='bbox 610 1900 759 1975; x_wconf 81' lang='lat' dir='ltr'>Neptunia</span> <span class='ocrx_word' id='word_1_51' title='bbox 771 1897 827 1956; x_wconf 88' lang='lat' dir='ltr'>late</span> 
     </span>
     <span class='ocr_line' id='line_1_10' title="bbox 140 2043 802 2121; baseline 0.003 -20"><span class='ocrx_word' id='word_1_52' title='bbox 140 2043 218 2101; x_wconf 82' lang='lat' dir='ltr'>Arva</span> <span class='ocrx_word' id='word_1_53' title='bbox 232 2054 350 2119; x_wconf 80' lang='lat' dir='ltr'>tenens3</span> <span class='ocrx_word' id='word_1_54' title='bbox 371 2053 431 2103; x_wconf 88' lang='lat' dir='ltr'>toto</span> <span class='ocrx_word' id='word_1_55' title='bbox 443 2045 556 2104; x_wconf 87' lang='lat' dir='ltr'>fluitant</span> <span class='ocrx_word' id='word_1_56' title='bbox 570 2044 708 2121; x_wconf 78' lang='lat' dir='ltr'>aplustria</span> <span class='ocrx_word' id='word_1_57' title='bbox 721 2044 802 2111; x_wconf 83' lang='lat' dir='ltr'>coeio,</span> 
     </span>
     <span class='ocr_line' id='line_1_11' title="bbox 142 2191 878 2271; baseline -0.001 -22"><span class='ocrx_word' id='word_1_58' title='bbox 142 2191 331 2271; x_wconf 78' lang='lat' dir='ltr'>Puniceieque</span> <span class='ocrx_word' id='word_1_59' title='bbox 345 2193 441 2251; x_wconf 84' lang='lat' dir='ltr'>nitent</span> <span class='ocrx_word' id='word_1_60' title='bbox 454 2193 588 2251; x_wconf 75' lang='lat' dir='ltr'>instincta</span> <span class='ocrx_word' id='word_1_61' title='bbox 601 2191 763 2266; x_wconf 82' lang='lat' dir='ltr'>coloribua;</span> <span class='ocrx_word' id='word_1_62' title='bbox 784 2194 878 2270; x_wconf 83' lang='lat' dir='ltr'>iugem</span> 
     </span>
     <span class='ocr_line' id='line_1_12' title="bbox 142 2335 772 2415; baseline 0 -18"><span class='ocrx_word' id='word_1_63' title='bbox 142 2338 291 2415; x_wconf 78' lang='lat' dir='ltr'>Oppositie</span> <span class='ocrx_word' id='word_1_64' title='bbox 304 2340 400 2408; x_wconf 87' lang='lat' dir='ltr'>timor,</span> <span class='ocrx_word' id='word_1_65' title='bbox 419 2347 449 2396; x_wconf 88' lang='lat' dir='ltr'>et</span> <span class='ocrx_word' id='word_1_66' title='bbox 461 2337 559 2397; x_wconf 77' lang='lat' dir='ltr'>satalia</span> <span class='ocrx_word' id='word_1_67' title='bbox 571 2339 680 2397; x_wconf 85' lang='lat' dir='ltr'>nuncia</span> <span class='ocrx_word' id='word_1_68' title='bbox 692 2335 772 2397; x_wconf 85' lang='lat' dir='ltr'>beili.</span> 
     </span>
    </p>

    <p class='ocr_par' dir='ltr' id='par_1_3' title="bbox 105 2481 907 2709">
     <span class='ocr_line' id='line_1_13' title="bbox 143 2481 907 2564; baseline -0.001 -20"><span class='ocrx_word' id='word_1_69' title='bbox 143 2486 207 2545; x_wconf 89' lang='lat' dir='ltr'>Hac</span> <span class='ocrx_word' id='word_1_70' title='bbox 221 2505 286 2563; x_wconf 91' lang='lat' dir='ltr'>ope,</span> <span class='ocrx_word' id='word_1_71' title='bbox 304 2503 428 2564; x_wconf 75' lang='lat' dir='ltr'>quaeque</span> <span class='ocrx_word' id='word_1_72' title='bbox 443 2502 507 2542; x_wconf 76' lang='lat' dir='ltr'>suaa</span> <span class='ocrx_word' id='word_1_73' title='bbox 517 2485 675 2563; x_wconf 81' lang='lat' dir='ltr'>longinqua</span> <span class='ocrx_word' id='word_1_74' title='bbox 688 2481 729 2543; x_wconf 87' lang='lat' dir='ltr'>ad</span> <span class='ocrx_word' id='word_1_75' title='bbox 741 2484 838 2543; x_wconf 84' lang='lat' dir='ltr'>littora</span> <span class='ocrx_word' id='word_1_76' title='bbox 848 2491 907 2542; x_wconf 72' lang='lat' dir='ltr'>mer&lt;</span> 
     </span>
     <span class='ocr_line' id='line_1_14' title="bbox 105 2584 858 2709; baseline 0.004 -20"><span class='ocrx_word' id='word_1_77' title='bbox 105 2584 107 2591; x_wconf 28' lang='grc' dir='ltr'>Ι</span> <span class='ocrx_word' id='word_1_78' title='bbox 143 2632 250 2700; x_wconf 78' lang='lat' dir='ltr'>Portet,</span> <span class='ocrx_word' id='word_1_79' title='bbox 269 2640 300 2690; x_wconf 86' lang='lat' dir='ltr'>et</span> <span class='ocrx_word' id='word_1_80' title='bbox 313 2629 351 2690; x_wconf 89' lang='lat' dir='ltr'>ad</span> <span class='ocrx_word' id='word_1_81' title='bbox 361 2633 470 2709; x_wconf 75' lang='lat' dir='ltr'>patriae</span> <span class='ocrx_word' id='word_1_82' title='bbox 484 2633 594 2690; x_wconf 80' lang='lat' dir='ltr'>intacta</span> <span class='ocrx_word' id='word_1_83' title='bbox 608 2633 766 2691; x_wconf 84' lang='lat' dir='ltr'>remittitur</span> <span class='ocrx_word' id='word_1_84' title='bbox 778 2650 858 2706; x_wconf 80' lang='lat' dir='ltr'>oraa3</span> 
     </span>
    </p>
   </div>
   <div class='ocr_carea' id='block_1_3' title="bbox 142 2769 906 2859">
    <p class='ocr_par' dir='ltr' id='par_1_4' title="bbox 142 2769 906 2859">
     <span class='ocr_line' id='line_1_15' title="bbox 142 2769 906 2859; baseline -0.005 -22"><span class='ocrx_word' id='word_1_85' title='bbox 142 2778 219 2837; x_wconf 88' lang='lat' dir='ltr'>Dum</span> <span class='ocrx_word' id='word_1_86' title='bbox 231 2796 328 2837; x_wconf 78' lang='lat' dir='ltr'>comes</span> <span class='ocrx_word' id='word_1_87' title='bbox 337 2797 427 2857; x_wconf 81' lang='lat' dir='ltr'>usque</span> <span class='ocrx_word' id='word_1_88' title='bbox 441 2781 505 2847; x_wconf 78' lang='lat' dir='ltr'>viae,</span> <span class='ocrx_word' id='word_1_89' title='bbox 525 2798 689 2859; x_wconf 74' lang='lat' dir='ltr'>pugnaeque</span> <span class='ocrx_word' id='word_1_90' title='bbox 703 2781 836 2839; x_wconf 84' lang='lat' dir='ltr'>accincta</span> <span class='ocrx_word' id='word_1_91' title='bbox 848 2769 906 2836; x_wconf 69' lang='lat' dir='ltr'>intel</span> 
     </span>
    </p>
   </div>
   <div class='ocr_carea' id='block_1_4' title="bbox 142 2925 878 3005">
    <p class='ocr_par' dir='ltr' id='par_1_5' title="bbox 142 2925 878 3005">
     <span class='ocr_line' id='line_1_16' title="bbox 142 2925 878 3005; baseline -0.003 -19"><span class='ocrx_word' id='word_1_92' title='bbox 142 2925 285 2996; x_wconf 83' lang='lat' dir='ltr'>Excubat,</span> <span class='ocrx_word' id='word_1_93' title='bbox 304 2935 371 2985; x_wconf 81' lang='lat' dir='ltr'>ante</span> <span class='ocrx_word' id='word_1_94' title='bbox 384 2928 481 2986; x_wconf 81' lang='lat' dir='ltr'>volana</span> <span class='ocrx_word' id='word_1_95' title='bbox 493 2928 628 3005; x_wconf 75' lang='lat' dir='ltr'>praetoria</span> <span class='ocrx_word' id='word_1_96' title='bbox 641 2929 760 3005; x_wconf 71' lang='lat' dir='ltr'>puppis,</span> <span class='ocrx_word' id='word_1_97' title='bbox 780 2937 811 2987; x_wconf 86' lang='lat' dir='ltr'>et</span> <span class='ocrx_word' id='word_1_98' title='bbox 824 2925 878 2986; x_wconf 84' lang='lat' dir='ltr'>acri</span> 
     </span>
    </p>
   </div>
   <div class='ocr_carea' id='block_1_5' title="bbox 142 3072 903 3594">
    <p class='ocr_par' dir='ltr' id='par_1_6' title="bbox 142 3072 903 3594">
     <span class='ocr_line' id='line_1_17' title="bbox 143 3072 852 3155; baseline -0.007 -20"><span class='ocrx_word' id='word_1_99' title='bbox 143 3073 278 3155; x_wconf 86' lang='lat' dir='ltr'>Undique</span> <span class='ocrx_word' id='word_1_100' title='bbox 293 3072 427 3153; x_wconf 72' lang='lat' dir='ltr'>presidio</span> <span class='ocrx_word' id='word_1_101' title='bbox 435 3076 527 3151; x_wconf 85' lang='lat' dir='ltr'>jurat,</span> <span class='ocrx_word' id='word_1_102' title='bbox 546 3080 576 3131; x_wconf 88' lang='lat' dir='ltr'>et</span> <span class='ocrx_word' id='word_1_103' title='bbox 589 3072 742 3131; x_wconf 78' lang='lat' dir='ltr'>aoeiaiibua</span> <span class='ocrx_word' id='word_1_104' title='bbox 754 3074 852 3131; x_wconf 81' lang='lat' dir='ltr'>armir.</span> 
     </span>
     <span class='ocr_line' id='line_1_18' title="bbox 142 3217 867 3301; baseline -0.01 -18"><span class='ocrx_word' id='word_1_105' title='bbox 142 3222 228 3284; x_wconf 79' lang='lat' dir='ltr'>Quod</span> <span class='ocrx_word' id='word_1_106' title='bbox 241 3225 264 3281; x_wconf 79' lang='lat' dir='ltr'>ai</span> <span class='ocrx_word' id='word_1_107' title='bbox 278 3226 361 3301; x_wconf 77' lang='lat' dir='ltr'>rigna</span> <span class='ocrx_word' id='word_1_108' title='bbox 373 3224 473 3301; x_wconf 84' lang='lat' dir='ltr'>procui</span> <span class='ocrx_word' id='word_1_109' title='bbox 488 3223 576 3301; x_wconf 71' lang='lat' dir='ltr'>signin</span> <span class='ocrx_word' id='word_1_110' title='bbox 589 3218 709 3278; x_wconf 83' lang='lat' dir='ltr'>inimica</span> <span class='ocrx_word' id='word_1_111' title='bbox 720 3217 867 3279; x_wconf 70' lang='lat' dir='ltr'>Britannia</span> 
     </span>
     <span class='ocr_line' id='line_1_19' title="bbox 142 3364 851 3447; baseline -0.001 -22"><span class='ocrx_word' id='word_1_112' title='bbox 142 3368 213 3426; x_wconf 77' lang='lat' dir='ltr'>Vina</span> <span class='ocrx_word' id='word_1_113' title='bbox 223 3368 295 3445; x_wconf 83' lang='lat' dir='ltr'>geri,</span> <span class='ocrx_word' id='word_1_114' title='bbox 312 3375 343 3426; x_wconf 88' lang='lat' dir='ltr'>et</span> <span class='ocrx_word' id='word_1_115' title='bbox 354 3368 460 3447; x_wconf 82' lang='lat' dir='ltr'>pelago</span> <span class='ocrx_word' id='word_1_116' title='bbox 473 3366 638 3447; x_wconf 78' lang='lat' dir='ltr'>spectabitis</span> <span class='ocrx_word' id='word_1_117' title='bbox 649 3365 769 3424; x_wconf 81' lang='lat' dir='ltr'>incubet</span> <span class='ocrx_word' id='word_1_118' title='bbox 781 3364 851 3425; x_wconf 83' lang='lat' dir='ltr'>ordo</span> 
     </span>
     <span class='ocr_line' id='line_1_20' title="bbox 143 3504 903 3594; baseline 0 -21"><span class='ocrx_word' id='word_1_119' title='bbox 143 3512 277 3582; x_wconf 71' lang='lat' dir='ltr'>Bellicus,</span> <span class='ocrx_word' id='word_1_120' title='bbox 296 3514 478 3593; x_wconf 80' lang='lat' dir='ltr'>ingeminant</span> <span class='ocrx_word' id='word_1_121' title='bbox 490 3504 595 3584; x_wconf 72' lang='lat' dir='ltr'>studia,</span> <span class='ocrx_word' id='word_1_122' title='bbox 615 3524 645 3574; x_wconf 89' lang='lat' dir='ltr'>et</span> <span class='ocrx_word' id='word_1_123' title='bbox 656 3516 792 3593; x_wconf 86' lang='lat' dir='ltr'>propiore</span> <span class='ocrx_word' id='word_1_124' title='bbox 805 3509 903 3594; x_wconf 78' lang='lat' dir='ltr'>peneto</span> 
     </span>
    </p>
   </div>
   <div class='ocr_carea' id='block_1_6' title="bbox 143 3663 806 3742">
    <p class='ocr_par' dir='ltr' id='par_1_7' title="bbox 143 3663 806 3742">
     <span class='ocr_line' id='line_1_21' title="bbox 143 3663 806 3742; baseline 0 -19"><span class='ocrx_word' id='word_1_125' title='bbox 143 3664 248 3724; x_wconf 89' lang='lat' dir='ltr'>Durior</span> <span class='ocrx_word' id='word_1_126' title='bbox 260 3672 377 3725; x_wconf 74' lang='lat' dir='ltr'>exercet</span> <span class='ocrx_word' id='word_1_127' title='bbox 389 3673 493 3725; x_wconf 76' lang='lat' dir='ltr'>nautas</span> <span class='ocrx_word' id='word_1_128' title='bbox 503 3663 593 3733; x_wconf 82' lang='lat' dir='ltr'>labor,</span> <span class='ocrx_word' id='word_1_129' title='bbox 614 3679 731 3742; x_wconf 81' lang='lat' dir='ltr'>aequora</span> <span class='ocrx_word' id='word_1_130' title='bbox 744 3672 806 3723; x_wconf 77' lang='lat' dir='ltr'>tutu</span> 
     </span>
    </p>
   </div>
   <div class='ocr_carea' id='block_1_7' title="bbox 0 0 1098 4372">
    <p class='ocr_par' dir='ltr' id='par_1_8' title="bbox 0 0 1098 4372">
     <span class='ocr_line' id='line_1_22' title="bbox 0 0 1098 4372; baseline 0 0"><span class='ocrx_word' id='word_1_131' title='bbox 0 0 1098 4372; x_wconf 95' lang='lat' dir='ltr'> </span> 
     </span>
    </p>
   </div>
  </div>
 </body>
</html>
