2160 4372
134 763 184 813 tta
390 763 478 827 REX,
496 765 519 818 A
538 764 717 819 vrorum

132 953 166 1010 Se
180 953 273 1010 tulite
288 957 379 1024 terris,
399 978 545 1036 purasque
558 961 647 1018 exivit
661 960 692 1016 in
707 974 802 1022 auras,

132 1100 314 1180 Brachiaque
328 1103 430 1162 effudit
444 1104 563 1164 tumidis
571 1112 687 1163 curvata
703 1101 843 1160 racemis:

132 1246 177 1303 Ac
192 1246 268 1303 velut
282 1267 335 1305 uva
350 1251 436 1326 perit,
456 1251 479 1308 ai
494 1250 596 1307 crebra
610 1250 707 1307 accisa
720 1246 844 1324 bipenni

134 1390 275 1450 Sternitur
288 1393 382 1450 ulmus
396 1395 497 1468 burni;
513 1397 553 1453 sic
568 1402 675 1461 tecum,
690 1395 817 1452 maxime
831 1391 953 1468 princeps.

134 1540 300 1598 corruimus
314 1542 408 1609 simul,
429 1561 462 1599 ac
477 1541 537 1600 sato
550 1541 768 1600 succumbimus
779 1540 840 1596 uni.

174 1689 250 1746 Nam
265 1706 321 1764 qua
338 1687 452 1745 sublimi
468 1696 589 1765 surgunt
602 1705 679 1746 nunc
694 1687 801 1744 vertice
815 1693 912 1747 turres,

135 1833 193 1892 Hic
204 1832 274 1890 olim
289 1835 406 1910 irn'guae
420 1833 554 1892 viridanti
569 1837 601 1892 in
614 1835 707 1893 limite
718 1832 801 1890 vallis

135 1982 276 2039 Gramina
289 1982 462 2059 surgebant:
485 2001 539 2059 per
551 1983 654 2040 limina
667 1999 750 2039 sacra
764 1979 925 2038 scholaram

134 2128 281 2189 Errabant
293 2127 437 2204 pecudes:
458 2127 582 2204 festique
594 2129 624 2185 in
638 2126 706 2185 sede
719 2127 840 2185 Theatri

134 2275 261 2352 Vespere
275 2275 328 2333 sub
343 2294 406 2332 sero
419 2273 575 2332 claudebat
588 2274 674 2332 ovilia
687 2283 794 2351 pastor.

135 2426 239 2485 Mallia
252 2425 304 2485 ted
318 2427 406 2482 musis
421 2424 566 2482 Aluredus
579 2433 657 2484 tecta
670 2427 822 2502 requirens

137 2574 303 2648 Hospitium
317 2572 365 2629 liic
379 2571 478 2629 latum
493 2571 590 2648 elegit,
611 2570 751 2647 sedesque
766 2571 867 2628 beatas

135 2719 308 2777 Constituit:
331 2724 429 2792 pastus
441 2715 578 2792 linquunt
590 2723 721 2772 armenta
734 2722 870 2780 vetustos,

134 2865 173 2925 Et
184 2882 274 2944 regna
287 2863 426 2922 herbosa:
447 2871 590 2939 apparent
604 2862 752 2935 surgentia
767 2868 854 2927 tecta,

135 3012 363 3088 crescentesque
378 3026 468 3075 arces,
488 3015 576 3083 atque
591 3006 715 3082 amplior
727 3006 810 3063 urbis
824 3008 922 3081 imago.

174 3162 321 3220 Continuo
333 3159 424 3236 sparsi
439 3173 571 3233 perrara
586 3154 695 3212 inculta
706 3156 841 3214 Britanni

136 3305 292 3384 sylvestres
301 3303 411 3379 liquere
425 3299 534 3366 domos,
554 3318 612 3376 qua
627 3316 704 3375 saepe
718 3301 849 3359 solebant

136 3453 293 3512 Montanae
306 3447 415 3522 agitare
429 3442 515 3513 seraa*
534 3452 564 3503 et
575 3463 694 3522 corpora
708 3447 790 3523 picta

136 3593 239 3652 Velare
254 3590 379 3648 exuviis:
402 3605 480 3657 nunc
494 3587 561 3645 laeta
575 3606 629 3664 per
643 3589 726 3648 Isidis
741 3609 809 3650 arva

137 3740 275 3815 Agrestea
286 3734 406 3802 animos,
425 3742 456 3791 et
467 3732 557 3793 corda
572 3733 677 3793 lerocia
692 3747 822 3814 panant:
884 3781 891 3793 ,
