2160 4372
205 724 242 776 8!
515 716 723 779 nrzsunmr

206 918 367 985 Sannatim
386 924 416 976 et
429 917 526 996 gelido
539 927 726 997 properantes
739 915 874 974 Thracas
889 916 931 974 ab
945 917 1030 976 Istrot

203 1062 290 1136 Erro,
303 1083 390 1121 novas
403 1074 502 1142 optare
517 1065 626 1134 domos,
647 1067 695 1122 uhi
710 1083 783 1141 paee
796 1062 919 1140 reposta

203 1209 322 1270 Effoetos
336 1213 479 1289 paulatim
495 1215 617 1287 annuos,
639 1213 959 1288 roburquesenescens

204 1357 315 1436 Sceptri
331 1361 522 1434 instauraret3
544 1361 672 1436 solioque
687 1359 848 1416 immobilis
863 1360 926 1418 alto

204 1515 382 1593 prospiceret
394 1537 525 1595 magnos,
545 1538 653 1597 magna
667 1517 703 1576 de
715 1520 815 1594 stirpe,
835 1526 975 1595 nepotes«

201 1664 248 1724 Ac
262 1663 366 1740 rapida
380 1665 466 1721 reluti
482 1682 572 1740 quum
587 1663 719 1722 fulminis
730 1666 788 1722 icta
801 1664 938 1739 procella
1022 1659 1037 1669 ’

205 1806 269 1866 stat
282 1807 365 1865 celsis
377 1807 503 1867 lacerata
513 1811 602 1887 jugis,
623 1811 816 1887 ambustaque
831 1829 965 1888 quercus

189 1955 330 2016 'Brachia
343 1959 415 2035 agit,
434 1958 456 2015 si
471 1956 543 2015 forte
557 1975 655 2016 comas
669 1963 699 2013 et
712 1955 815 2014 inutile
827 1955 949 2029 lignum

203 2104 338 2171 Exsecet,
356 2122 394 2162 en
405 2104 494 2161 sterili
509 2103 604 2159 subito
615 2100 652 2159 de
666 2103 764 2176 stipite
775 2108 881 2177 pastor
966 2168 972 2179 ,

203 2248 517 2326 Miratur-frondesque
529 2267 624 2314 noras,
644 2256 674 2306 et
687 2245 805 2325 turgida
817 2264 909 2307 succo

202 2393 332 2465 Vimine,
351 2404 381 2454 et
394 2397 543 2454 horrentes
550 2394 669 2469 juvenili
686 2395 796 2451 semine
810 2412 920 2455 ramos.

243 2541 450 2599 Scilicethisce
461 2544 567 2617 opibus
578 2543 718 2616 majorum
730 2540 851 2599 exordia
862 2560 973 2610 rerum,

201 2685 241 2744 Et
254 2704 345 2763 genus
355 2688 515 2763 egregium,
535 2696 565 2746 et
578 2689 679 2760 claros,
690 2690 776 2766 longo
789 2688 904 2760 ordine,
923 2689 1012 2759 fastos,

202 2829 457 2910 Byzantijactare‘
465 2852 560 2893 arces:
582 2836 653 2894 hinc
665 2836 761 2894 diruta
772 2837 842 2896 laxo

199 2982 283 3040 Atria
299 2982 432 3048 circuitu,
452 2993 481 3038 et
494 2980 665 3040 fundamina
678 2991 759 3040 rasta
772 2982 931 3042 domorum

197 3129 290 3195 ¹Nunc
304 3145 421 3204 quoque
434 3136 499 3205 post
511 3136 602 3196 tanto,
615 3125 693 3186 soedo
703 3127 783 3200 licet,
797 3127 904 3186 obrute
915 3125 996 3199 luxu,
1027 3210 1033 3215 ι

202 3273 343 3348 Antiquae
357 3272 461 3332 siluere
476 3274 526 3332 diu
539 3275 687 3350 praeconia
701 3273 800 3343 samae,

202 3413 387 3491 virtutesque
402 3417 497 3493 adytis
508 3417 620 3479 dudum
632 3439 742 3477 cessere
754 3418 896 3496 profanis,
991 3455 998 3509 .-

203 3561 280 3624 Hinc
299 3565 390 3623 latum
404 3565 626 3644 hippodromon,
644 3568 832 3645 spatiumque
845 3569 978 3631 immam
990 3587 1040 3650 ps·

177 3778 181 3789 ,
207 3756 218 3777 ·.
285 3735 290 3742 ·
318 3715 432 3786 loestrae,
