2160 4372
202 761 263 822 ‘m
574 763 686 820 NILUS.

210 960 314 1019 Stravit
326 958 407 1018 humi
420 958 518 1037 gladio
531 959 691 1037 exegimus,
709 965 740 1017 et
751 957 844 1016 mults
857 960 955 1036 coegit

210 1106 329 1164 Volvere
340 1108 533 1183 sanguineum
546 1103 677 1162 confosse
689 1101 833 1161 cederem
845 1103 957 1163 Nilum.

211 1252 274 1310 Nec
288 1253 385 1309 miuus
397 1249 531 1309 eudendo
543 1251 641 1317 veluit,
661 1250 804 1306 meruitve
817 1252 959 1308 minorem

213 1399 400 1478 Gelligeuum
415 1398 517 1457 ductor
530 1395 660 1457 leudem.
698 1394 847 1463 lud'rice,
867 1396 1017 1454 Britannus

214 1547 322 1621 Sponte
334 1563 396 1612 sira,
415 1548 541 1621 putrium
556 1541 693 1601 divellens
706 1549 825 1620 pectore
838 1541 951 1609 vulnus,

212 1691 254 1749 Te
267 1690 406 1749 celebrat.
444 1691 514 1750 Tibi
528 1691 608 1748 enim
621 1690 729 1749 Turani
743 1690 902 1748 immittere
916 1689 1010 1746 cestrie

211 1835 373 1905 Terrorem,
385 1835 545 1913 densusque
560 1835 661 1895 datum
674 1845 720 1894 est
731 1836 850 1894 turbere
862 1835 1027 1913 phalanges.

214 1982 331 2059 agmen
343 1984 441 2061 egenti
455 1982 597 2059 equitum,
616 2001 688 2060 quos
700 2000 753 2040 uec
768 1983 931 2041 Mavortius
944 1980 1014 2060 ignis

215 2131 332 2192 Insolito
343 2130 455 2208 fulgore
467 2131 582 2199 rubeus,
600 2130 761 2198 morbum,
781 2130 920 2198 famave,

215 2274 363 2343 Edomuit,
383 2284 476 2334 certos
489 2275 616 2334 coelestis
624 2278 693 2350 jure
704 2276 790 2335 tueri.

255 2422 378 2489 Scilicet,
397 2422 449 2479 hos
460 2423 528 2480 olim
541 2425 655 2500 peperit
665 2422 794 2481 noudum
808 2423 903 2500 impia
915 2430 995 2480 uetus

216 2568 322 2636 Gellia,
341 2586 449 2645 magns
461 2568 552 2626 virum
566 2562 700 2647 genitrix.
739 2568 829 2628 Nunc
840 2568 929 2630 effere
941 2565 1029 2646 proles

214 2713 308 2774 Ardet
321 2714 500 2792 inexpletum
515 2715 598 2775 sedes
611 2736 711 2776 vexere
725 2720 841 2795 quietas
889 2764 891 2767 .

216 2859 319 2919 Hostili
333 2861 433 2935 rabie3
453 2870 484 2918 et
495 2861 558 2920 diro
571 2864 690 2921 miscere
704 2863 832 2922 tumultu

214 3008 363 3086 Quicquid
377 3010 406 3066 in
420 3009 489 3068 orbe
502 3011 542 3087 pii
558 3021 615 3069 est:
636 3010 715 3089 leges
727 3020 865 3079 evertere,
880 3020 993 3071 sanun
1025 3003 1034 3016 '

215 3158 356 3218 Insultare
369 3158 466 3225 cruci,
486 3167 517 3216 et
529 3175 674 3216 summum
689 3167 876 3218 contemnere
889 3160 1015 3220 Numen.

214 3305 293 3380 Ergo
301 3305 391 3360 etiem
406 3303 552 3360 incassum
560 3303 646 3376 juxta
659 3301 717 3362 Nili
728 3303 812 3371 ostiu,
830 3322 896 3363 sem

214 3449 350 3527 Vespere,
368 3450 483 3506 munite
496 3449 625 3526 gaudent
637 3450 760 3508 statione
773 3451 883 3526 potiris

215 3594 265 3653 Nil
279 3593 406 3653 tenebrr'e
420 3606 548 3672 prosunt,
569 3615 622 3655 nec
636 3605 738 3673 portus
751 3599 841 3656 tutior
854 3596 914 3657 ulto
925 3607 980 3659 ert.
1021 3634 1030 3643 -
