2160 4372
134 733 184 784 124
408 732 518 786 cisun
536 731 688 786 orsussA.

131 920 160 979 si
175 919 276 978 devota
291 925 377 992 acies,
397 934 425 981 et
439 926 482 982 vis
495 927 623 1003 peritura
630 923 760 998 juventu

131 1070 288 1146 Spartane,
309 1070 380 1131 dum
390 1075 452 1147 jam
466 1058 577 1134 calcati
590 1091 644 1148 per
657 1072 777 1148 agmina
790 1065 902 1131 Xerxis

131 1216 242 1274 scindit
256 1219 319 1287 iter,
339 1218 500 1296 vindexque
514 1216 630 1276 recondi
645 1217 756 1293 respuit
768 1214 857 1281 ensis,

132 1366 197 1426 Nou
213 1367 325 1442 ingrata
338 1365 427 1437 olim;
449 1364 536 1423 simili
551 1365 695 1421 succurite
709 1361 768 1420 lato

131 1509 178 1566 Oh
194 1474 322 1577 taudem,
342 1519 370 1568 ei
385 1520 489 1568 uestros
503 1511 579 1568 ultro
591 1515 719 1586 spectate
733 1505 907 1565 Britannos!

131 1659 207 1716 Tum
220 1659 303 1726 mihi,
322 1660 345 1715 si
360 1645 473 1716 vestite
488 1677 567 1724 voco,
589 1659 714 1741 respirate
727 1655 855 1727 currenti,

132 1808 211 1865 Dum
225 1807 315 1864 referi·
331 1809 433 1866 insueti
450 1807 614 1883 spectacula
628 1805 723 1863 lurida
736 1805 818 1872 belli,

132 1952 229 2026 Atque
245 1952 384 2009 instructa
397 1953 478 2010 novis
491 1953 716 2010 armamentaria
730 1951 804 2015 telis.

172 2097 199 2154 C
212 2099 320 2156 surinus
333 2108 399 2156 ante
413 2099 509 2156 oculos
522 2118 582 2157 sese
596 2099 697 2173 objicit
711 2097 801 2156 ardua
814 2116 914 2176 rupes,

134 2246 200 2304 Nun
215 2247 313 2310 lunula
327 2248 395 2303 olim
410 2244 499 2313 fama,
519 2246 699 2321 ancipitique
713 2261 866 2321 resurgens

133 2389 265 2464 Despicit
279 2405 344 2445 urce
358 2386 459 2460 nuilus,
478 2396 630 2465 custosque
645 2389 675 2445 in
688 2387 789 2447 limine
803 2397 909 2466 regnat

134 2533 169 2588 vi
185 2550 285 2590 secura
298 2550 366 2592 suu:
388 2533 497 2608 quippe
512 2543 589 2590 arcte
605 2542 726 2610 augusta
739 2532 875 2609 profundi

134 2675 265 2734 Claustra
278 2685 424 2750 premunt,
444 2677 559 2753 utrique
573 2677 685 2750 objecta
699 2676 840 2754 repagula
851 2685 959 2754 pontus

135 2823 179 2880 lm
188 2822 248 2878 adit
262 2839 381 2898 campos
394 2823 441 2881 liic
456 2824 617 2899 impacatus
632 2824 730 2883 Iberus

135 2971 251 3029 Vicinos
266 2971 398 3039 nimium,
418 2989 435 3028 u
448 2978 537 3048 tergo,
557 2968 686 3046 finesque
699 2973 890 3048 propinquus,

134 3118 172 3177 Et
186 3118 308 3195 Calpem
322 3116 508 3192 disiunctum,
529 3122 560 3173 et
578 3134 636 3174 non
655 3134 707 3172 sua
725 3116 856 3192 culmina
875 3127 971 3196 speet-

254 3280 313 3317 aus.

135 3405 250 3465 Scilicet
264 3404 339 3460 hanc
353 3405 441 3462 etiam
457 3405 537 3483 regni
553 3403 590 3462 de
604 3412 684 3481 parte
697 3406 792 3464 revelli

136 3549 257 3615 Invidet,
276 3550 377 3621 etjam
392 3567 469 3607 nunc
485 3550 634 3608 ultricibus
649 3561 750 3611 aestuut
764 3555 872 3616 ermis:

138 3696 200 3756 llac
215 3701 322 3761 mente,
343 3702 375 3750 ut
388 3695 476 3772 possit
490 3693 583 3773 pelagi
594 3695 643 3773 jus
657 3697 718 3775 ipse
732 3698 807 3756 tueri
