<?xml version="1.0" encoding="UTF-8"?>
<!DOCTYPE html PUBLIC "-//W3C//DTD XHTML 1.0 Transitional//EN"
    "http://www.w3.org/TR/xhtml1/DTD/xhtml1-transitional.dtd">
<html xmlns="http://www.w3.org/1999/xhtml" xml:lang="en" lang="en">
 <head>
  <title>
</title>
<meta http-equiv="Content-Type" content="text/html;charset=utf-8" />
  <meta name='ocr-system' content='tesseract 3.04.00' />
  <meta name='ocr-capabilities' content='ocr_page ocr_carea ocr_par ocr_line ocrx_word'/>
</head>
<body>
  <div class='ocr_page' id='page_1' title='image "./poematapraemiis00oxfogoog_0027.png"; bbox 0 0 2160 4372; ppageno 0'>
   <div class='ocr_carea' id='block_1_1' title="bbox 131 759 675 814">
    <p class='ocr_par' dir='ltr' id='par_1_1' title="bbox 131 759 675 814">
     <span class='ocr_line' id='line_1_1' title="bbox 131 759 675 814; baseline -0.002 -2"><span class='ocrx_word' id='word_1_1' title='bbox 131 761 164 812; x_wconf 64' lang='lat' dir='ltr'><strong>li</strong></span> <span class='ocrx_word' id='word_1_2' title='bbox 415 761 483 814; x_wconf 68' lang='lat' dir='ltr'><strong>ARS</strong></span> <span class='ocrx_word' id='word_1_3' title='bbox 501 759 675 813; x_wconf 71' lang='lat' dir='ltr'><strong>alunnum.</strong></span> 
     </span>
    </p>
   </div>
   <div class='ocr_carea' id='block_1_2' title="bbox 129 947 909 1031">
    <p class='ocr_par' dir='ltr' id='par_1_2' title="bbox 129 947 909 1031">
     <span class='ocr_line' id='line_1_2' title="bbox 129 947 909 1031; baseline 0.001 -26"><span class='ocrx_word' id='word_1_4' title='bbox 129 947 200 1014; x_wconf 79' lang='lat' dir='ltr'><strong>Aut,</strong></span> <span class='ocrx_word' id='word_1_5' title='bbox 219 947 352 1015; x_wconf 80' lang='lat' dir='ltr'><strong>referam,</strong></span> <span class='ocrx_word' id='word_1_6' title='bbox 371 952 493 1011; x_wconf 75' lang='lat' dir='ltr'><strong>viridem</strong></span> <span class='ocrx_word' id='word_1_7' title='bbox 507 955 589 1011; x_wconf 86' lang='lat' dir='ltr'><strong>tabes</strong></span> <span class='ocrx_word' id='word_1_8' title='bbox 602 971 691 1031; x_wconf 91' lang='lat' dir='ltr'><strong>quam</strong></span> <span class='ocrx_word' id='word_1_9' title='bbox 706 969 782 1026; x_wconf 87' lang='lat' dir='ltr'><strong>saepe</strong></span> <span class='ocrx_word' id='word_1_10' title='bbox 793 951 909 1022; x_wconf 75' lang='lat' dir='ltr'><strong>juventa</strong></span> 
     </span>
    </p>
   </div>
   <div class='ocr_carea' id='block_1_3' title="bbox 130 1098 846 1179">
    <p class='ocr_par' dir='ltr' id='par_1_3' title="bbox 130 1098 846 1179">
     <span class='ocr_line' id='line_1_3' title="bbox 130 1098 846 1179; baseline 0.001 -25"><span class='ocrx_word' id='word_1_11' title='bbox 130 1098 249 1174; x_wconf 83' lang='lat' dir='ltr'><strong>Carpat,</strong></span> <span class='ocrx_word' id='word_1_12' title='bbox 269 1106 299 1155; x_wconf 83' lang='lat' dir='ltr'><strong>et</strong></span> <span class='ocrx_word' id='word_1_13' title='bbox 311 1118 442 1158; x_wconf 83' lang='lat' dir='ltr'><strong>excussos</strong></span> <span class='ocrx_word' id='word_1_14' title='bbox 455 1103 610 1179; x_wconf 81' lang='lat' dir='ltr'>populetur</span> <span class='ocrx_word' id='word_1_15' title='bbox 623 1119 698 1158; x_wconf 81' lang='lat' dir='ltr'><strong>saeua</strong></span> <span class='ocrx_word' id='word_1_16' title='bbox 711 1099 846 1157; x_wconf 82' lang='lat' dir='ltr'>decores?</span> 
     </span>
    </p>
   </div>
   <div class='ocr_carea' id='block_1_4' title="bbox 130 1244 909 3663">
    <p class='ocr_par' dir='ltr' id='par_1_4' title="bbox 130 1244 774 1323">
     <span class='ocr_line' id='line_1_4' title="bbox 130 1244 774 1323; baseline -0.003 -20"><span class='ocrx_word' id='word_1_17' title='bbox 130 1244 205 1302; x_wconf 86' lang='lat' dir='ltr'><strong>Tum</strong></span> <span class='ocrx_word' id='word_1_18' title='bbox 218 1247 321 1321; x_wconf 73' lang='lat' dir='ltr'><strong>patria</strong></span> <span class='ocrx_word' id='word_1_19' title='bbox 335 1245 450 1323; x_wconf 91' lang='lat' dir='ltr'><strong>linquas</strong></span> <span class='ocrx_word' id='word_1_20' title='bbox 461 1247 545 1314; x_wconf 69' lang='lat' dir='ltr'><strong>fines·</strong></span> <span class='ocrx_word' id='word_1_21' title='bbox 561 1257 592 1304; x_wconf 86' lang='lat' dir='ltr'><strong>et</strong></span> <span class='ocrx_word' id='word_1_22' title='bbox 605 1246 701 1304; x_wconf 86' lang='lat' dir='ltr'><strong>dulcia</strong></span> <span class='ocrx_word' id='word_1_23' title='bbox 716 1247 774 1302; x_wconf 94' lang='lat' dir='ltr'><strong>noti</strong></span> 
     </span>
    </p>

    <p class='ocr_par' dir='ltr' id='par_1_5' title="bbox 131 1388 909 1908">
     <span class='ocr_line' id='line_1_5' title="bbox 131 1388 807 1466; baseline -0.004 -19"><span class='ocrx_word' id='word_1_24' title='bbox 131 1391 208 1447; x_wconf 83' lang='lat' dir='ltr'><strong>Arra</strong></span> <span class='ocrx_word' id='word_1_25' title='bbox 219 1390 280 1458; x_wconf 87' lang='lat' dir='ltr'><strong>soli,</strong></span> <span class='ocrx_word' id='word_1_26' title='bbox 299 1397 329 1448; x_wconf 83' lang='lat' dir='ltr'><strong>et</strong></span> <span class='ocrx_word' id='word_1_27' title='bbox 341 1408 410 1448; x_wconf 85' lang='lat' dir='ltr'><strong>caro</strong></span> <span class='ocrx_word' id='word_1_28' title='bbox 423 1409 542 1466; x_wconf 86' lang='lat' dir='ltr'><strong>rumpas</strong></span> <span class='ocrx_word' id='word_1_29' title='bbox 556 1410 573 1447; x_wconf 85' lang='lat' dir='ltr'><strong>a</strong></span> <span class='ocrx_word' id='word_1_30' title='bbox 586 1390 681 1447; x_wconf 86' lang='lat' dir='ltr'><strong>littore</strong></span> <span class='ocrx_word' id='word_1_31' title='bbox 695 1388 807 1446; x_wconf 84' lang='lat' dir='ltr'><strong>funem!</strong></span> 
     </span>
     <span class='ocr_line' id='line_1_6' title="bbox 132 1533 909 1610; baseline -0.006 -15"><span class='ocrx_word' id='word_1_32' title='bbox 132 1537 218 1595; x_wconf 87' lang='lat' dir='ltr'><strong>Hanc</strong></span> <span class='ocrx_word' id='word_1_33' title='bbox 231 1554 330 1604; x_wconf 85' lang='lat' dir='ltr'><strong>unam,</strong></span> <span class='ocrx_word' id='word_1_34' title='bbox 348 1536 425 1594; x_wconf 90' lang='lat' dir='ltr'><strong>hanc</strong></span> <span class='ocrx_word' id='word_1_35' title='bbox 439 1539 557 1596; x_wconf 87' lang='lat' dir='ltr'><strong>miseros</strong></span> <span class='ocrx_word' id='word_1_36' title='bbox 567 1535 656 1609; x_wconf 88' lang='lat' dir='ltr'><strong>jubeo</strong></span> <span class='ocrx_word' id='word_1_37' title='bbox 670 1552 784 1610; x_wconf 87' lang='lat' dir='ltr'><strong>sperare</strong></span> <span class='ocrx_word' id='word_1_38' title='bbox 799 1533 909 1591; x_wconf 86' lang='lat' dir='ltr'><strong>saluten</strong></span> 
     </span>
     <span class='ocr_line' id='line_1_7' title="bbox 131 1677 899 1756; baseline -0.001 -20"><span class='ocrx_word' id='word_1_39' title='bbox 131 1680 257 1756; x_wconf 84' lang='lat' dir='ltr'>Jamque</span> <span class='ocrx_word' id='word_1_40' title='bbox 271 1679 344 1737; x_wconf 88' lang='lat' dir='ltr'><strong>adeo</strong></span> <span class='ocrx_word' id='word_1_41' title='bbox 355 1689 386 1736; x_wconf 87' lang='lat' dir='ltr'><strong>et</strong></span> <span class='ocrx_word' id='word_1_42' title='bbox 398 1677 507 1738; x_wconf 80' lang='lat' dir='ltr'><strong>Pboebo</strong></span> <span class='ocrx_word' id='word_1_43' title='bbox 519 1689 610 1736; x_wconf 69' lang='lat' dir='ltr'><strong>tonas</strong></span> <span class='ocrx_word' id='word_1_44' title='bbox 622 1680 755 1754; x_wconf 87' lang='lat' dir='ltr'><strong>propiore</strong></span> <span class='ocrx_word' id='word_1_45' title='bbox 769 1678 899 1735; x_wconf 80' lang='lat' dir='ltr'><strong>calentes</strong></span> 
     </span>
     <span class='ocr_line' id='line_1_8' title="bbox 132 1829 845 1908; baseline -0.004 -20"><span class='ocrx_word' id='word_1_46' title='bbox 132 1831 249 1900; x_wconf 83' lang='lat' dir='ltr'><strong>lnrisas,</strong></span> <span class='ocrx_word' id='word_1_47' title='bbox 268 1848 443 1908; x_wconf 81' lang='lat' dir='ltr'><strong>camposque</strong></span> <span class='ocrx_word' id='word_1_48' title='bbox 457 1831 506 1888; x_wconf 90' lang='lat' dir='ltr'><strong>ubi</strong></span> <span class='ocrx_word' id='word_1_49' title='bbox 522 1831 615 1888; x_wconf 89' lang='lat' dir='ltr'><strong>multo</strong></span> <span class='ocrx_word' id='word_1_50' title='bbox 627 1829 760 1887; x_wconf 90' lang='lat' dir='ltr'><strong>turbidus</strong></span> <span class='ocrx_word' id='word_1_51' title='bbox 774 1848 845 1886; x_wconf 87' lang='lat' dir='ltr'><strong>auro</strong></span> 
     </span>
    </p>

    <p class='ocr_par' dir='ltr' id='par_1_6' title="bbox 132 1976 813 2054">
     <span class='ocr_line' id='line_1_9' title="bbox 132 1976 813 2054; baseline -0.004 -17"><span class='ocrx_word' id='word_1_52' title='bbox 132 1979 160 2037; x_wconf 89' lang='lat' dir='ltr'><strong>It</strong></span> <span class='ocrx_word' id='word_1_53' title='bbox 172 1977 279 2054; x_wconf 83' lang='lat' dir='ltr'><strong>Tagus,</strong></span> <span class='ocrx_word' id='word_1_54' title='bbox 296 1988 326 2036; x_wconf 88' lang='lat' dir='ltr'><strong>et</strong></span> <span class='ocrx_word' id='word_1_55' title='bbox 339 1981 433 2036; x_wconf 84' lang='lat' dir='ltr'>raucis</span> <span class='ocrx_word' id='word_1_56' title='bbox 447 1979 557 2036; x_wconf 88' lang='lat' dir='ltr'><strong>Lisboae</strong></span> <span class='ocrx_word' id='word_1_57' title='bbox 571 1977 706 2035; x_wconf 81' lang='lat' dir='ltr'>allabitur</span> <span class='ocrx_word' id='word_1_58' title='bbox 719 1976 813 2034; x_wconf 82' lang='lat' dir='ltr'><strong>undis.</strong></span> 
     </span>
    </p>

    <p class='ocr_par' dir='ltr' id='par_1_7' title="bbox 132 2123 845 2333">
     <span class='ocr_line' id='line_1_10' title="bbox 134 2123 826 2201; baseline -0.009 -18"><span class='ocrx_word' id='word_1_59' title='bbox 134 2126 190 2183; x_wconf 82' lang='lat' dir='ltr'><strong>Seu</strong></span> <span class='ocrx_word' id='word_1_60' title='bbox 204 2142 291 2201; x_wconf 76' lang='lat' dir='ltr'><strong>mage</strong></span> <span class='ocrx_word' id='word_1_61' title='bbox 305 2123 442 2182; x_wconf 76' lang='lat' dir='ltr'><strong>&#39;laurenti</strong></span> <span class='ocrx_word' id='word_1_62' title='bbox 456 2124 551 2191; x_wconf 81' lang='lat' dir='ltr'><strong>colles,</strong></span> <span class='ocrx_word' id='word_1_63' title='bbox 570 2124 722 2199; x_wconf 84' lang='lat' dir='ltr'><strong>vicinaque</strong></span> <span class='ocrx_word' id='word_1_64' title='bbox 736 2131 826 2198; x_wconf 92' lang='lat' dir='ltr'><strong>ponto</strong></span> 
     </span>
     <span class='ocr_line' id='line_1_11' title="bbox 132 2267 845 2333; baseline -0.007 -5"><span class='ocrx_word' id='word_1_65' title='bbox 132 2271 263 2330; x_wconf 75' lang='lat' dir='ltr'><strong>Massilia</strong></span> <span class='ocrx_word' id='word_1_66' title='bbox 275 2270 420 2328; x_wconf 85' lang='lat' dir='ltr'><strong>oblectet:</strong></span> <span class='ocrx_word' id='word_1_67' title='bbox 443 2269 538 2327; x_wconf 80' lang='lat' dir='ltr'>forsan</span> <span class='ocrx_word' id='word_1_68' title='bbox 553 2269 606 2326; x_wconf 90' lang='lat' dir='ltr'><strong>tibi</strong></span> <span class='ocrx_word' id='word_1_69' title='bbox 622 2267 732 2325; x_wconf 89' lang='lat' dir='ltr'><strong>mollior</strong></span> <span class='ocrx_word' id='word_1_70' title='bbox 743 2268 845 2333; x_wconf 83' lang='lat' dir='ltr'><strong>aether,</strong></span> 
     </span>
    </p>

    <p class='ocr_par' dir='ltr' id='par_1_8' title="bbox 132 2415 865 2782">
     <span class='ocr_line' id='line_1_12' title="bbox 132 2415 865 2493; baseline -0.005 -19"><span class='ocrx_word' id='word_1_71' title='bbox 132 2417 171 2474; x_wconf 89' lang='lat' dir='ltr'><strong>Et</strong></span> <span class='ocrx_word' id='word_1_72' title='bbox 184 2417 312 2493; x_wconf 83' lang='lat' dir='ltr'>Zephyri</span> <span class='ocrx_word' id='word_1_73' title='bbox 326 2418 454 2474; x_wconf 86' lang='lat' dir='ltr'><strong>lacerum</strong></span> <span class='ocrx_word' id='word_1_74' title='bbox 469 2422 571 2490; x_wconf 83' lang='lat' dir='ltr'><strong>pectus</strong></span> <span class='ocrx_word' id='word_1_75' title='bbox 584 2415 711 2472; x_wconf 88' lang='lat' dir='ltr'><strong>mulcere</strong></span> <span class='ocrx_word' id='word_1_76' title='bbox 725 2424 865 2490; x_wconf 77' lang='lat' dir='ltr'><strong>tepentes,</strong></span> 
     </span>
     <span class='ocr_line' id='line_1_13' title="bbox 133 2558 846 2636; baseline -0.001 -19"><span class='ocrx_word' id='word_1_77' title='bbox 133 2560 171 2618; x_wconf 86' lang='lat' dir='ltr'><strong>Et</strong></span> <span class='ocrx_word' id='word_1_78' title='bbox 184 2560 312 2636; x_wconf 80' lang='lat' dir='ltr'><strong>poterint</strong></span> <span class='ocrx_word' id='word_1_79' title='bbox 323 2558 428 2616; x_wconf 86' lang='lat' dir='ltr'><strong>fractas</strong></span> <span class='ocrx_word' id='word_1_80' title='bbox 441 2577 576 2616; x_wconf 82' lang='lat' dir='ltr'><strong>renovare</strong></span> <span class='ocrx_word' id='word_1_81' title='bbox 590 2562 620 2618; x_wconf 92' lang='lat' dir='ltr'><strong>in</strong></span> <span class='ocrx_word' id='word_1_82' title='bbox 633 2577 750 2636; x_wconf 88' lang='lat' dir='ltr'><strong>corpore</strong></span> <span class='ocrx_word' id='word_1_83' title='bbox 763 2560 846 2617; x_wconf 87' lang='lat' dir='ltr'><strong>vires.</strong></span> 
     </span>
     <span class='ocr_line' id='line_1_14' title="bbox 133 2701 733 2782; baseline 0.002 -21"><span class='ocrx_word' id='word_1_84' title='bbox 133 2703 197 2761; x_wconf 85' lang='lat' dir='ltr'><strong>Illic</strong></span> <span class='ocrx_word' id='word_1_85' title='bbox 212 2701 318 2759; x_wconf 79' lang='lat' dir='ltr'>assidui</span> <span class='ocrx_word' id='word_1_86' title='bbox 333 2704 445 2760; x_wconf 76' lang='lat' dir='ltr'><strong>cirrum</strong></span> <span class='ocrx_word' id='word_1_87' title='bbox 459 2702 638 2782; x_wconf 75' lang='lat' dir='ltr'><strong>indulgentia</strong></span> <span class='ocrx_word' id='word_1_88' title='bbox 651 2706 733 2772; x_wconf 81' lang='lat' dir='ltr'><strong>reris,</strong></span> 
     </span>
    </p>

    <p class='ocr_par' dir='ltr' id='par_1_9' title="bbox 133 2847 680 2926">
     <span class='ocr_line' id='line_1_15' title="bbox 133 2847 680 2926; baseline 0.005 -22"><span class='ocrx_word' id='word_1_89' title='bbox 133 2847 244 2907; x_wconf 82' lang='lat' dir='ltr'><strong>AEterni</strong></span> <span class='ocrx_word' id='word_1_90' title='bbox 259 2848 330 2905; x_wconf 83' lang='lat' dir='ltr'><strong>soles</strong></span> <span class='ocrx_word' id='word_1_91' title='bbox 344 2848 413 2915; x_wconf 88' lang='lat' dir='ltr'><strong>illic,</strong></span> <span class='ocrx_word' id='word_1_92' title='bbox 434 2861 463 2906; x_wconf 89' lang='lat' dir='ltr'><strong>et</strong></span> <span class='ocrx_word' id='word_1_93' title='bbox 476 2850 575 2925; x_wconf 89' lang='lat' dir='ltr'><strong>purior</strong></span> <span class='ocrx_word' id='word_1_94' title='bbox 589 2869 680 2926; x_wconf 87' lang='lat' dir='ltr'><strong>usque</strong></span> 
     </span>
    </p>

    <p class='ocr_par' dir='ltr' id='par_1_10' title="bbox 135 2993 766 3070">
     <span class='ocr_line' id='line_1_16' title="bbox 135 2993 766 3070; baseline -0.002 -19"><span class='ocrx_word' id='word_1_95' title='bbox 135 2994 173 3051; x_wconf 84' lang='lat' dir='ltr'><strong>Et</strong></span> <span class='ocrx_word' id='word_1_96' title='bbox 187 2995 278 3070; x_wconf 79' lang='lat' dir='ltr'><strong>spirat</strong></span> <span class='ocrx_word' id='word_1_97' title='bbox 293 2993 379 3050; x_wconf 90' lang='lat' dir='ltr'><strong>nullis</strong></span> <span class='ocrx_word' id='word_1_98' title='bbox 392 2994 500 3050; x_wconf 81' lang='lat' dir='ltr'><strong>inlecta</strong></span> <span class='ocrx_word' id='word_1_99' title='bbox 513 2995 665 3070; x_wconf 83' lang='lat' dir='ltr'><strong>vaporibus</strong></span> <span class='ocrx_word' id='word_1_100' title='bbox 679 3012 766 3066; x_wconf 81' lang='lat' dir='ltr'><strong>auru3</strong></span> 
     </span>
    </p>

    <p class='ocr_par' dir='ltr' id='par_1_11' title="bbox 137 3138 750 3216">
     <span class='ocr_line' id='line_1_17' title="bbox 137 3138 750 3216; baseline -0.005 -17"><span class='ocrx_word' id='word_1_101' title='bbox 137 3141 201 3199; x_wconf 77' lang='lat' dir='ltr'><strong>Non</strong></span> <span class='ocrx_word' id='word_1_102' title='bbox 215 3141 271 3198; x_wconf 91' lang='lat' dir='ltr'><strong>alia</strong></span> <span class='ocrx_word' id='word_1_103' title='bbox 285 3142 437 3198; x_wconf 82' lang='lat' dir='ltr'><strong>Austrinos</strong></span> <span class='ocrx_word' id='word_1_104' title='bbox 447 3141 529 3216; x_wconf 84' lang='lat' dir='ltr'><strong>regio</strong></span> <span class='ocrx_word' id='word_1_105' title='bbox 542 3138 651 3196; x_wconf 84' lang='lat' dir='ltr'><strong>felicior</strong></span> <span class='ocrx_word' id='word_1_106' title='bbox 664 3147 750 3196; x_wconf 83' lang='lat' dir='ltr'><strong>aestus</strong></span> 
     </span>
    </p>

    <p class='ocr_par' dir='ltr' id='par_1_12' title="bbox 135 3290 771 3368">
     <span class='ocr_line' id='line_1_18' title="bbox 135 3290 771 3368; baseline -0.005 -18"><span class='ocrx_word' id='word_1_107' title='bbox 135 3293 262 3368; x_wconf 80' lang='lat' dir='ltr'><strong>Excipit,</strong></span> <span class='ocrx_word' id='word_1_108' title='bbox 283 3301 333 3348; x_wconf 82' lang='lat' dir='ltr'><strong>aut</strong></span> <span class='ocrx_word' id='word_1_109' title='bbox 346 3292 417 3349; x_wconf 79' lang='lat' dir='ltr'><strong>tlara</strong></span> <span class='ocrx_word' id='word_1_110' title='bbox 431 3292 535 3349; x_wconf 81' lang='lat' dir='ltr'><strong>melius</strong></span> <span class='ocrx_word' id='word_1_111' title='bbox 549 3310 578 3348; x_wconf 83' lang='lat' dir='ltr'><strong>se</strong></span> <span class='ocrx_word' id='word_1_112' title='bbox 592 3291 675 3348; x_wconf 84' lang='lat' dir='ltr'><strong>vestit</strong></span> <span class='ocrx_word' id='word_1_113' title='bbox 688 3290 771 3347; x_wconf 76' lang='lat' dir='ltr'><strong>oliva.</strong></span> 
     </span>
    </p>

    <p class='ocr_par' dir='ltr' id='par_1_13' title="bbox 136 3434 909 3663">
     <span class='ocr_line' id='line_1_19' title="bbox 137 3434 825 3512; baseline -0.006 -18"><span class='ocrx_word' id='word_1_114' title='bbox 137 3437 201 3494; x_wconf 74' lang='lat' dir='ltr'><strong>Nou</strong></span> <span class='ocrx_word' id='word_1_115' title='bbox 214 3436 272 3493; x_wconf 90' lang='lat' dir='ltr'><strong>illic</strong></span> <span class='ocrx_word' id='word_1_116' title='bbox 287 3434 390 3512; x_wconf 80' lang='lat' dir='ltr'><strong>gelidis</strong></span> <span class='ocrx_word' id='word_1_117' title='bbox 404 3443 546 3512; x_wconf 86' lang='lat' dir='ltr'><strong>quartana</strong></span> <span class='ocrx_word' id='word_1_118' title='bbox 560 3435 732 3492; x_wconf 79' lang='lat' dir='ltr'><strong>tremoribus</strong></span> <span class='ocrx_word' id='word_1_119' title='bbox 746 3442 825 3491; x_wconf 86' lang='lat' dir='ltr'><strong>artus</strong></span> 
     </span>
     <span class='ocr_line' id='line_1_20' title="bbox 136 3583 909 3663; baseline -0.001 -21"><span class='ocrx_word' id='word_1_120' title='bbox 136 3585 224 3663; x_wconf 77' lang='lat' dir='ltr'><strong>AEgra</strong></span> <span class='ocrx_word' id='word_1_121' title='bbox 236 3587 341 3663; x_wconf 87' lang='lat' dir='ltr'><strong>quatit,</strong></span> <span class='ocrx_word' id='word_1_122' title='bbox 361 3605 417 3643; x_wconf 87' lang='lat' dir='ltr'><strong>non</strong></span> <span class='ocrx_word' id='word_1_123' title='bbox 432 3588 524 3661; x_wconf 84' lang='lat' dir='ltr'><strong>spissa</strong></span> <span class='ocrx_word' id='word_1_124' title='bbox 538 3583 594 3643; x_wconf 77' lang='lat' dir='ltr'><strong>illis</strong></span> <span class='ocrx_word' id='word_1_125' title='bbox 610 3585 732 3660; x_wconf 79' lang='lat' dir='ltr'><strong>caligine</strong></span> <span class='ocrx_word' id='word_1_126' title='bbox 746 3602 865 3660; x_wconf 82' lang='lat' dir='ltr'><strong>campos</strong></span> <span class='ocrx_word' id='word_1_127' title='bbox 907 3653 909 3656; x_wconf 16' lang='lat'><strong><em>¹</em></strong></span> 
     </span>
    </p>
   </div>
   <div class='ocr_carea' id='block_1_5' title="bbox 137 3733 838 3813">
    <p class='ocr_par' dir='ltr' id='par_1_14' title="bbox 137 3733 838 3813">
     <span class='ocr_line' id='line_1_21' title="bbox 137 3733 838 3813; baseline 0.001 -23"><span class='ocrx_word' id='word_1_128' title='bbox 137 3733 295 3811; x_wconf 71' lang='lat' dir='ltr'><strong>corrupere</strong></span> <span class='ocrx_word' id='word_1_129' title='bbox 308 3734 431 3794; x_wconf 85' lang='lat' dir='ltr'><strong>imbres:</strong></span> <span class='ocrx_word' id='word_1_130' title='bbox 453 3735 510 3794; x_wconf 89' lang='lat' dir='ltr'><strong>illic</strong></span> <span class='ocrx_word' id='word_1_131' title='bbox 524 3735 593 3794; x_wconf 78' lang='lat' dir='ltr'><strong>leuis</strong></span> <span class='ocrx_word' id='word_1_132' title='bbox 608 3735 735 3813; x_wconf 88' lang='lat' dir='ltr'><strong>undique</strong></span> <span class='ocrx_word' id='word_1_133' title='bbox 750 3745 838 3799; x_wconf 80' lang='lat' dir='ltr'><strong>creta,</strong></span> 
     </span>
    </p>
   </div>
   <div class='ocr_carea' id='block_1_6' title="bbox 0 0 1097 4372">
    <p class='ocr_par' dir='ltr' id='par_1_15' title="bbox 0 0 1097 4372">
     <span class='ocr_line' id='line_1_22' title="bbox 0 0 1097 4372; baseline 0 0"><span class='ocrx_word' id='word_1_134' title='bbox 0 0 1097 4372; x_wconf 95' lang='lat' dir='ltr'><strong> </strong></span> 
     </span>
    </p>
   </div>
  </div>
 </body>
</html>
