2160 4372
246 733 431 793 ancletum
448 740 551 794 MANU
569 741 740 805 nonnius,
756 739 806 796 dte.
899 741 949 791 118

111 931 322 996 Nummorum
338 940 459 1001 effectus
471 943 580 1011 molles,
600 942 775 1020 dulcemque
786 941 916 1017 leporem

111 1075 255 1139 Ilootsinae
268 1085 438 1162 accipiunt:
455 1089 538 1163 jurat
551 1098 644 1147 stram
658 1107 675 1146 e
688 1096 806 1166 pectore
819 1086 929 1146 nubem

111 1224 261 1300 Excutere,
279 1242 310 1290 et
323 1252 410 1293 caecae
423 1235 613 1313 praepandere
626 1236 738 1294 lumina
751 1235 853 1293 menti.

147 1374 187 1478 dt
198 1378 309 1452 primus
323 1378 426 1436 Musas
438 1380 584 1439 Aluredus
597 1379 680 1437 duxit
694 1381 725 1437 in
738 1378 858 1437 urbem:

112 1524 205 1583 Aonia
215 1529 328 1604 primus
341 1530 446 1588 velavit
458 1540 589 1609 tempora
602 1531 699 1589 lauro:

110 1667 221 1728 Scilicet
231 1670 284 1730 hos
297 1672 384 1742 lucos,
405 1675 476 1734 solio
488 1684 660 1752 sceptroque
674 1675 786 1742 relicto,

111 1811 212 1892 Regius
228 1817 324 1876 inrisit
337 1829 434 1892 ναίεις
455 1819 623 1897 fontemque
637 1818 790 1880 recludens

109 1955 260 2031 Pieridum,
278 1982 395 2043 pugnos
406 1965 524 2033 cecinit,
544 1965 706 2040 lllartisque
718 1962 842 2031 labores,

107 2105 298 2188 cristatosque
312 2111 411 2179 duces,
424 2110 625 2189 fulgentesque
638 2127 694 2166 aere
706 2107 874 2185 phalanges,

107 2247 272 2314 Praeclaram
287 2257 409 2316 heroiim
422 2254 551 2324 laudern,
569 2253 685 2331 qualem
701 2253 761 2328 ipse
776 2251 908 2328 parabat,

107 2393 248 2476 Puppibus
258 2409 290 2458 ut
298 2400 447 2479 quondam
455 2402 639 2479 peregrinum
653 2397 811 2476 appelleret
825 2416 942 2477 agmen,

107 2541 138 2602 n
150 2556 295 2622 premeret
308 2546 415 2606 fractas
427 2555 557 2606 extremo
569 2549 600 2604 in
612 2545 708 2604 littore
723 2553 851 2603 turmas:

106 2692 159 2749 Aut
172 2694 221 2752 ubi
232 2696 296 2769 jum
310 2696 421 2773 patrius
433 2695 524 2752 victor
538 2691 685 2751 remeabat
697 2689 735 2748 ad
748 2691 844 2762 urbes,

106 2839 181 2900 lines
194 2862 350 2923 regnorum
365 2844 499 2909 lustrans,
520 2843 706 2918 spatiumque
722 2838 855 2898 relictum

106 2986 224 3066 lmperii,
242 2998 273 3048 et
285 2990 372 3069 longe
385 3008 505 3066 campos
515 2988 632 3064 lateque
644 2994 788 3045 vacantes.

139 3141 180 3199 At
193 3141 267 3200 nihil
282 3147 423 3199 extructae
437 3145 557 3216 prosunt
572 3135 666 3194 lausto
678 3136 796 3192 omnine
808 3131 900 3204 sedes,

106 3288 145 3346 liil
157 3289 243 3348 lamae
257 3291 401 3365 ingressus
414 3284 485 3351 laeti,
505 3302 597 3361 quum
611 3288 704 3340 marte
720 3279 807 3339 t'croci

106 3431 197 3492 Dirum
212 3438 321 3492 instant
340 3433 438 3505 Dani3
459 3438 498 3497 et,
518 3447 594 3487 saeva
608 3427 778 3488 dominante
792 3437 917 3507 caterrq,

108 3571 217 3637 Pristim
229 3579 358 3655 supremi
374 3575 538 3655 procumbit
552 3575 643 3653 gloria
656 3578 774 3654 sceptri.

110 3713 155 3777 Sed
166 3741 240 3782 nunc
255 3731 403 3802 surgentes
415 3738 504 3787 arces,
525 3729 704 3799 augustaque
719 3722 830 3798 temple
