2160 4402
346 786 415 842 llas
432 786 608 842 nanuum.
877 784 894 834 t

50 982 142 1059 ssaepe
154 990 185 1040 et
198 990 279 1041 trans
291 984 387 1064 pelagi
400 988 513 1056 fluctus,
532 988 720 1062 sejunctaque
733 980 818 1058 longe

54 1131 176 1200 littora,
196 1132 337 1210 pestifero
349 1134 448 1194 infecti
462 1136 620 1213 spiramine
633 1134 722 1200 venti,
822 1158 825 1163 ·
887 1128 890 1133 ’

55 1276 175 1335 Semina
188 1278 358 1336 morborum
372 1283 460 1348 varia,
478 1288 509 1339 et
522 1280 657 1357 contagia
670 1294 769 1336 aecum

56 1423 132 1480 Dira
144 1421 258 1483 serunt:
283 1427 324 1483 aic
337 1427 407 1484 olim
421 1427 540 1507 AEgypti
556 1427 693 1486 aduectus
705 1425 743 1484 ab
757 1425 814 1484 oria

56 1570 218 1630 Littoribua
231 1572 290 1631 late
305 1573 419 1651 AEgoeia,
438 1585 526 1652 atque
541 1575 677 1635 Hellados
690 1577 765 1633 arria
806 1585 811 1594 “

58 1713 205 1784 Incubuit,
227 1734 381 1794 sacraeque
393 1720 501 1782 Auster
514 1721 634 1781 vastavit
648 1720 790 1780 Athenae.

59 1858 227 1918 Quinetiam
241 1867 272 1917 et
285 1861 381 1920 sullas
393 1863 453 1932 alii,
474 1874 562 1942 atque
576 1867 696 1925 inimica
709 1882 812 1925 nocere

60 2005 173 2076 Sidera,
191 2017 222 2065 et
234 2009 357 2067 exitium
370 2009 429 2070 late
442 2011 611 2070 mortalibus
625 2012 711 2089 aegria

60 2152 204 2231 Spargere
217 2152 361 2221 dixemnt,
381 2154 516 2233 dirasque
529 2175 583 2233 per
596 2156 705 2214 retbere
718 2164 822 2231 pestes.
893 2192 897 2202 -

62 2296 226 2354 Praeaertim
240 2296 363 2356 adveraia
377 2297 495 2375 quando
508 2315 639 2377 pugnare
652 2296 788 2355 videntur
841 2252 843 2257 ·
895 2349 899 2355 .

63 2445 194 2523 Ignibus,
212 2453 264 2504 aut
276 2447 354 2503 coitu
368 2445 463 2504 radios
476 2448 598 2504 miscere
611 2446 751 2524 maligno,

63 2590 120 2647 Seu
133 2608 220 2667 mage
233 2608 288 2667 per
300 2590 387 2648 coelos
398 2592 575 2652 horrendum
590 2610 684 2650 arsere
697 2599 820 2648 cometae

62 2738 232 2815 Sanguinei,
251 2736 397 2816 cladisque
411 2739 503 2797 edunt
516 2746 650 2815 portenta
663 2737 777 2795 luturae.

83 2902 87 2931 2
103 2884 145 2940 At
157 2899 253 2958 neque
266 2889 327 2941 tam
341 2882 434 2950 multi,
455 2881 576 2940 decumo
587 2880 697 2939 lumine
710 2882 787 2947 vitae,

64 3028 127 3087 llaa
139 3035 259 3104 proptor
271 3047 369 3087 remm
382 3047 493 3098 causas,
513 3037 542 3087 et
555 3030 650 3087 tristia
662 3028 723 3087 fata

63 3177 225 3243 lntereunt‚
246 3195 335 3253 quam
348 3195 420 3253 quoa
433 3177 544 3234 umbria
558 3175 698 3233 damnosa
711 3173 804 3234 libido

63 3322 229 3391 Praemittit,
247 3322 388 3400 luxusque
402 3316 514 3391 amena
535 3332 565 3381 et
579 3341 659 3381 caeca
672 3324 812 3400 voluptas,
888 3344 895 3359 ··

60 3471 142 3527 Ante
156 3467 235 3527 diem
248 3477 362 3546 raptos:
385 3470 454 3529 hinc
468 3489 543 3530 aaevo
555 3470 700 3529 horrenda
714 3471 808 3529 calore

62 3616 164 3677 Febris
177 3616 268 3689 adeat,
290 3620 427 3697 venisque
441 3617 547 3678 ardens
561 3620 689 3680 illabitur
703 3629 812 3692 aeatua3

456 3773 513 3828 aa
