2160 4372
141 744 163 805 4
404 752 493 806 murt
511 752 560 805 At)
579 749 730 805 uncctu

141 941 320 1013 Quinetiam,
339 946 368 1003 ni
383 965 457 1005 rana
471 944 552 1013 fides,
572 946 626 1004 tibi
640 946 787 1005 maximus
799 941 892 1018 hospes

141 1084 291 1155 Successit,
312 1089 452 1168 pmfugus
465 1093 593 1168 patriam
606 1110 674 1149 cum
689 1090 813 1148 numine
826 1086 908 1145 fauno

141 1229 298 1309 linqueret
310 1234 465 1305 Abramus
485 1245 593 1314 tuaque
608 1237 685 1295 inter
698 1236 810 1293 moenia
823 1231 905 1293 terror

139 1377 206 1456 Ipse
220 1396 285 1437 aras
297 1382 423 1458 posuisse
438 1400 534 1450 novas,
552 1382 692 1460 purisque
705 1379 804 1438 titisse

139 1523 263 1594 Ritibos,
283 1535 313 1584 et
327 1546 435 1606 magno
447 1527 556 1587 cultum
573 1525 746 1585 instaurtsse
759 1526 883 1584 Jehosae.

138 1670 215 1748 Ergo
228 1679 257 1728 te
268 1681 400 1730 sanctam
415 1679 482 1730 ante
497 1670 577 1738 alias,
597 1678 626 1728 te
641 1669 696 1728 rite
709 1667 864 1726 colendam

137 1811 306 1884 Praestabat,
326 1817 466 1894 regnique
481 1818 524 1875 sui
539 1815 721 1875 Mahumeda
730 1814 857 1889 jubebat

134 1959 204 2019 Esse
218 1969 318 2040 eaput.
350 1962 416 2022 'libi
428 1966 483 2022 rite
497 1981 567 2040 ergo
580 1962 709 2019 solennia
723 1967 830 2038 gentes

134 2104 220 2165 Dona
233 2106 331 2167 ferunt
339 2129 349 2184 ;
370 2116 487 2168 tantum
499 2104 654 2166 venerandi
664 2106 746 2180 jussa
761 2104 921 2183 eropum,

133 2255 173 2316 Et
185 2260 278 2336 pietas
291 2259 377 2328 valet,
397 2265 428 2317 et
440 2258 574 2336 promissi
589 2253 697 2335 gaudia
708 2255 786 2315 eoeli.

172 2404 281 2465 Contra
293 2414 392 2465 autem
404 2407 573 2485 quicunque
584 2408 627 2465 tui
641 2423 736 2482 neque
746 2405 934 2485 liminatemp

133 2547 251 2609 lntririt
264 2550 398 2627 supplex,
418 2568 515 2626 neque
528 2549 654 2609 humum
667 2549 757 2608 semei
771 2568 823 2610 ore
837 2560 935 2611 norati

133 2692 292 2770 Attigerit3
315 2712 373 2752 non
387 2712 447 2753 sese
462 2695 504 2753 ilii
518 2696 648 2754 eoelestia
660 2693 794 2772 pandent

132 2839 226 2910 ostia,
245 2859 302 2900 non
317 2840 399 2900 iilum
412 2840 540 2901 ridentes
551 2843 677 2901 suaviter
691 2841 779 2900 Horae

131 2986 291 3070 Accipient
303 2990 477 3057 venientem,
496 2997 527 3049 et
539 2989 608 3047 laeta
622 2989 651 3046 in
664 2985 732 3045 sede
743 2986 903 3065 beabunt3

131 3134 187 3196 Sed
200 3134 339 3214 lacrymis
352 3135 444 3195 scelus
457 3134 506 3194 ille
519 3151 614 3201 suum,
633 3132 767 3210 tristique
781 3133 878 3211 piabit

131 3278 289 3358 Suppiieio,
308 3288 448 3338 aeternam
463 3280 494 3336 in
506 3284 634 3346 noctem,
651 3283 683 3334 et
700 3275 843 3354 pollentis
857 3280 935 3339 min

130 3422 261 3492 Tartara,
281 3442 336 3481 nec
350 3424 438 3483 valles
452 3421 581 3482 Paradisi
596 3419 726 3481 aditoms
740 3440 881 3485 emoenu.

170 3570 248 3650 Ergo
261 3588 362 3631 omnes
381 3568 461 3631 idem
476 3568 561 3632 ardor
573 3572 653 3651 sgit3
669 3572 796 3651 iamque
807 3576 936 3637 omnint

246 3734 313 3776 cum
