2160 4372
10 39 1028 323 u

389 812 533 874 MELITE.
850 824 886 879 49

40 1010 123 1077 Tum
138 1014 240 1094 paruit
253 1014 322 1074 levis
336 1013 414 1073 unda
427 1017 506 1073 sinus
520 1016 655 1094 aquilone
669 1013 812 1087 reductas,

43 1163 82 1225 Et
97 1166 204 1225 tacitos
218 1164 413 1241 interipsum,
433 1165 483 1223 ubi
497 1165 620 1223 carbasa
632 1169 725 1225 ventis

45 1312 135 1375 Plena
147 1314 247 1391 legens
260 1313 390 1372 cumulat
401 1316 524 1390 stipatas
537 1316 635 1373 navita
649 1309 770 1387 merces,

47 1463 181 1531 Qunam,
200 1463 266 1521 Nile
279 1470 372 1538 pater,
392 1469 512 1538 septena
527 1480 579 1538 per
591 1458 665 1520 ostia
680 1463 777 1524 solvis.

48 1607 117 1668 Non
131 1616 234 1666 tamen
246 1608 277 1666 hi
292 1609 347 1665 tuti
361 1605 510 1684 quondam
524 1607 636 1666 latuere
651 1606 797 1686 re'cessus3
884 1642 891 1649 ·

49 1758 130 1836 Saepe
143 1757 253 1816 etenim
269 1758 348 1815 adria
359 1757 509 1834 speculata
522 1776 559 1817 ex
572 1775 638 1817 arce
652 1759 783 1838 Pachyni
885 1744 891 1754 ’

50 1903 180 1971 Viderat,
199 1903 338 1961 immanis
352 1901 470 1961 fremitu
480 1904 630 1985 Trinacria
642 1909 725 1982 ponti

49 2051 178 2128 Ereptas,
197 2052 329 2128 equitare
344 2070 396 2128 per
409 2046 526 2129 hospita
536 2051 634 2111 littore
646 2069 763 2112 messes.

50 2198 128 2275 Saepe
142 2199 223 2268 binc,
241 2197 313 2257 dum
328 2199 433 2258 classes
447 2209 594 2277 spectaret
607 2197 688 2258 dives
701 2208 833 2259 onustas
878 2182 899 2244 7·

50 2345 159 2425 inclyta
173 2348 446 2426 majores'sperabat
459 2349 553 2408 Roma
566 2349 739 2426 triumphos,

50 2497 271 2575 venturumque
285 2495 374 2565 diem,
395 2517 486 2575 quum
496 2501 560 2574 jam
574 2506 703 2577 grassata
716 2497 887 2577 perorbem,
918 2545 920 2548 <

50 2645 349 2723 Herculea'quantum
364 2664 435 2723 gens
448 2647 520 2706 Itala
533 2646 622 2708 distat
636 2649 674 2706 ab
688 2667 764 2719 arce,

48 2793 142 2872 Usque
156 2793 296 2854 mlnratoe
310 2805 424 2872 sceptro
437 2796 621 2856 submitteret
635 2799 732 2861 Indos.

83 2948 127 3004 At
139 2946 241 3002 cautes
254 2946 357 3021 iugens
371 2964 400 3003 se
415 2943 539 3022 desuper
551 2945 652 3020 objicit
662 2945 749 3016 hosti,

48 3091 81 3151 Et
95 3093 169 3151 coelo
182 3092 321 3152 tabulatae
335 3092 508 3170 impendent
522 3082 637 3152 arcibus
650 3112 747 3167 arces;

48 3238 122 3298 Quin
135 3239 193 3298 late
207 3236 293 3296 caesa
307 3233 428 3298 imnaani
443 3243 596 3300 conamine
610 3260 680 3301 saxa

49 3383 214 3444 Horrendus
226 3384 362 3463 pandunt
375 3386 483 3458 fauces,
502 3387 717 3470 candentiaque
729 3409 790 3463 ora,

48 3528 197 3608 Sulphuris
210 3542 240 3588 et
253 3531 386 3594 calefacti
401 3531 507 3593 ardent
518 3536 549 3594 in
562 3555 634 3615 rupe
648 3516 768 3610 camini,

48 3678 123 3740 Quos
136 3687 240 3739 contra
253 3699 311 3739 non
325 3682 404 3741 mille
419 3691 504 3753 rates,
523 3703 581 3743 non
594 3664 815 3760 ruille'vaierent

50 3825 207 3906 ignitisque
219 3828 313 3908 globis
325 3840 357 3890 et
369 3850 471 3910 sparso
484 3830 605 3893 fulmine
618 3841 722 3896 turres.

84 3995 146 4036 vot..
162 3995 203 4037 tu.
438 3997 457 4036 E
