2160 4372
355 748 387 796 ¹8
542 749 744 805 EOWARDUS
761 742 1008 802 llllblAb'lTA'l'lS

352 936 431 992 Ausa
445 939 514 996 ratis
528 950 678 1016 penetrare
694 942 802 1019 plagas,
823 951 910 1017 atque
922 933 1024 992 ultima
1032 943 1074 986 aas

352 1079 452 1157 Regna
467 1085 564 1153 maris,
584 1086 726 1163 nullisque
738 1087 817 1162 prius
831 1083 942 1139 sulcata
956 1074 1073 1141 curinis3

351 1227 465 1305 Quique
481 1227 554 1287 adeo
567 1233 597 1288 in
610 1235 720 1307 gentes,
738 1225 855 1307 placida
869 1225 922 1284 sub
936 1239 1019 1300 pace,
1037 1234 1072 1294 qu

351 1376 429 1434 Ante
441 1387 637 1453 expectatum,
652 1374 779 1443 insidias,
792 1374 975 1448 lethumque,
988 1367 1074 1426 famen

351 1520 513 1579 Immeritos
525 1522 647 1590 morbos,
668 1526 824 1600 ignotaque
836 1519 894 1576 tela
907 1517 1030 1584 tulistis;

351 1664 500 1744 Respicite
517 1666 692 1726 Howardum
703 1666 839 1726 l—moles
852 1683 911 1721 non
927 1663 975 1721 ille
990 1655 1074 1737 super*

350 1812 429 1871 Quas
442 1815 553 1872 circum
566 1824 691 1873 ostentat
701 1812 837 1874 foecundo
850 1816 881 1871 in
895 1810 1027 1889 margine
1042 1807 1074 1867 n'i

350 1957 517 2036 Obstupuit,
535 1959 653 2019 viridice
666 1961 807 2020 Academi
822 1967 928 2017 stratus
942 1959 973 2015 in
986 1953 1074 2014 umbr.

349 2106 487 2182 Captuvit
499 2105 598 2166 faciles
611 2107 683 2166 llissi
698 2106 736 2165 ad
750 2122 899 2164 murmura
913 2104 1036 2174 Musam

350 2256 402 2315 Ille
416 2273 511 2335 neque
526 2266 660 2324 armatos,
680 2267 699 2293 ‘¹
711 2259 786 2315 vires
797 2253 916 2313 indutus
929 2261 960 2312 et
973 2250 1061 2319 iraa‚”

349 2399 407 2458 Sub
421 2400 545 2476 pedibus
558 2402 656 2460 stravit
670 2402 792 2460 violento
806 2403 902 2462 Marte
917 2407 1067 2478 tyrannus,

348 2543 409 2599 Aut
424 2544 542 2619 impune
556 2545 643 2602 armis
656 2545 853 2622 trepidantem
864 2546 1004 2604 exterruit
1017 2544 1074 2603 orb

350 2688 390 2744 At
406 2688 513 2761 majora
527 2708 652 2760 movens,
665 2692 718 2750 sub
733 2690 924 2751 formidabilis
938 2693 1015 2750 antri

349 2831 489 2902 Claustra,
509 2836 630 2913 byemea
642 2845 774 2895 meluens
787 2855 887 2913 quase
898 2835 1040 2896 subduxit
1052 2837 1074 2899 E

349 2981 458 3052 Tristis,
478 2996 507 3043 et
521 3004 600 3064 aegra
614 2987 716 3045 Fames
730 2989 856 3045 moriens
866 3005 918 3063 spe
933 2987 1050 3045 absistit
1063 2989 1071 3046 i

349 3131 499 3208 Nusquam
513 3132 559 3189 ille
571 3132 687 3192 erubuit
700 3133 812 3190 miseris
825 3147 952 3190 evertere
963 3151 1049 3192 curas

349 3276 483 3359 Solando,
498 3284 529 3334 et
541 3275 656 3352 placide
668 3275 824 3354 lugubrem
838 3273 940 3334 audire
953 3276 1074 3354 querela

388 3420 504 3485 Scilicet
516 3419 660 3480 humanos
672 3422 802 3481 humanu
814 3420 901 3483 corde
913 3421 1037 3493 dolores,

349 3566 386 3624 Et
397 3573 469 3643 quot
483 3566 571 3625 inulta
584 3566 636 3626 diu
649 3569 783 3627 sensisset
795 3569 914 3628 verbera
928 3568 982 3628 lati

350 3710 513 3790 pauperies,
533 3720 563 3782 et
575 3722 687 3791 quauta
701 3715 786 3792 aegris
800 3714 971 3774 mortalibus
986 3717 1074 3776 insteu
