2160 4372
142 761 193 814 ΙΜ
379 761 540 819 flerunt
559 762 595 815 IN
613 761 737 818 vulto,

139 951 211 1013 Inde
223 953 321 1014 Deum
333 956 446 1033 effingit
457 973 538 1015 sacro
551 964 703 1034 correptus
715 972 821 1023 amore,

137 1052 321 1178 Felicomque
334 1101 425 1171 «iiam,
443 1101 542 1179 magni
557 1120 624 1177 qua·
637 1103 755 1158 conscia
768 1107 862 1178 portua

136 1246 251 1306 Servato
266 1247 354 1309 rndiia
366 1249 462 1308 illuxit
474 1249 578 1308 clarior
587 1248 660 1306 orbi.

136 1392 275 1455 Parvulua
288 1397 319 1455 in
332 1394 431 1456 medio
442 1404 555 1454 natura
569 1395 702 1453 flosculus
713 1394 809 1455 insana

135 1540 227 1600 Ridet
241 1494 416 1613 amabiliter,
434 1502 524 1602 ditini
538 1551 568 1600 et
581 1543 692 1602 lumine
705 1543 802 1602 vultu·

135 1686 268 1766 Affulget
280 1692 401 1759 circum,
421 1699 451 1750 et
464 1689 612 1749 radiorum
626 1689 741 1766 spicula
755 1687 857 1748 tendit.

134 1835 229 1895 Intrat
242 1838 375 1900 adoranti
387 1841 513 1899 miscent
526 1837 681 1899 formidine
695 1856 827 1898 amorem

133 1985 225 2044 Elatis
239 1993 332 2048 nroter
344 1989 489 2058 manibus,
508 1997 669 2064 turmaque
683 1987 781 2047 cubile

132 2131 328 2194 stramineum
340 2135 610 2214 angelicaecingunt
616 2157 626 2204 3
637 2104 706 2191 hino
716 2131 796 2192 taeda
804 2149 862 2191 corn

133 2281 218 2340 lllinc
233 2284 315 2343 Inna
322 2285 414 2359 jubar
425 2284 517 2343 fracta
530 2284 607 2340 inter
616 2279 718 2339 nubila
731 2281 822 2339 mittit
833 2299 844 2354 ς

132 2428 327 2508 venturoque
339 2441 423 2491 tuens
436 2433 500 2490 haec
514 2432 612 2490 omina
623 2447 707 2488 sacra
719 2429 821 2488 salutis

133 2577 280 2654 Obstupet
293 2581 431 2639 attonitus
444 2581 569 2658 propiori
583 2579 703 2638 nomine
717 2584 825 2654 pastor.

173 2723 235 2797 Hoo
248 2724 329 2796 olim,
340 2724 406 2795 hoc,
418 2728 521 2804 pictor,
534 2725 572 2786 de
585 2735 614 2785 te
627 2726 780 2785 Britannia
793 2721 862 2784 fider

133 2873 267 2954 Augurio
278 2879 404 2954 speravit
416 2896 490 2957 opus
497 2897 507 2952 ;
529 2896 587 2936 non
600 2876 650 2935 illa
663 2874 767 2934 coloris

132 3018 251 3100 Ignorat
262 3024 344 3083 titoei
358 3023 509 3091 artificem,
529 3041 587 3079 non
600 3021 756 3079 immemor
768 3019 819 3078 illa

130 3169 172 3229 Te
185 3170 259 3231 vidit
271 3190 368 3232 rernm
380 3171 487 3231 forman
500 3171 621 3228 miscere
635 3174 780 3234 renuam,

131 3318 335 3398 Purpureoque
348 3322 428 3380 nivea
440 3320 505 3378 vitri
519 3312 686 3375 suffundere
699 3330 798 3373 succo.

130 3465 214 3528 Vidit
224 3468 313 3533 enim,
333 3471 395 3525 arta
407 3474 467 3532 tua,
487 3463 575 3542 pleno
588 3461 630 3519 aol
644 3478 750 3519 aureus
762 3457 835 3518 orbe

130 3613 206 3673 Com
217 3611 295 3672 fudit
306 3611 414 3683 lucem,
431 3621 463 3672 ot
475 3610 565 3671 radiis
578 3610 759 3688 praertrinxit
769 3607 862 3668 ocello

130 3764 227 3834 Fictis,
246 3770 487 3843 apertantemque
500 3778 573 3822 novo
585 3775 675 3838 prope
687 3755 817 3838 perculit
829 3772 862 3817 ιι
