2160 4372
10 39 1048 293 ''¹'''''''===lfl'''''

740 154 744 163 .

333 1205 676 1300 LECTORL

383 1464 602 1507 -0—

84 1639 250 1730 HABES
274 1679 424 1753 poemata
443 1666 697 1754 quaedamapud
714 1666 917 1736 Osonieoses

81 1775 221 1862 praemio
236 1797 345 1840 annuo
360 1774 492 1839 donata.
538 1775 623 1840 Haec
646 1798 722 1841 cum
745 1776 919 1845 multorum

80 1884 235 1949 manibus
251 1884 386 1971 sparsim
402 1897 617 1962 versarentur,
627 1886 662 1949 in
673 1908 773 1951 unum
785 1885 917 1975 collegi,

82 2004 201 2080 utpote
229 1994 299 2080 qui,
333 1993 568 2082 spondentibus
595 1993 678 2073 aliis,
701 2016 784 2080 opus
813 2016 917 2060 essem

81 2100 241 2181 facturus,
264 2103 406 2167 candido
436 2114 471 2167 et
500 2101 661 2168 benevolo
691 2100 819 2182 lectori,
849 2124 918 2169 noa

80 2209 260 2298 ingratum.
306 2211 345 2276 Id
362 2224 470 2278 autem
487 2232 528 2275 ne
543 2209 658 2274 ordine
673 2210 918 2276 continuaretur

81 2318 226 2405 integro,
248 2342 354 2385 causae
386 2330 472 2396 sunt,
494 2340 574 2405 quas
604 2330 641 2382 ut
670 2316 768 2382 liceat
795 2317 920 2399 dolere,

79 2426 226 2523 minime
243 2439 353 2493 tamen
377 2429 523 2492 incusare
547 2427 661 2490 ausim.
707 2427 824 2515 Neque
837 2450 915 2515 pro·

80 2531 170 2600 fecto
204 2537 230 2601 si
265 2538 321 2623 qui
349 2537 426 2615 sint,
459 2535 575 2622 quibus
603 2536 786 2602 istiusmodi
810 2559 918 2603 causae

79 2667 195 2734 parum
212 2643 405 2732 placuerint,
428 2644 463 2708 id
479 2643 559 2708 mihi
579 2644 658 2710 vitio
675 2656 817 2724 vertant,
829 2644 919 2734 quod

80 2752 343 2832 alintummas,
365 2753 576 2819 renuentibus
599 2754 799 2833 auctoribus,
821 2754 918 2821 fascia

80 2863 157 2929 culo
173 2886 249 2930 meo
273 2862 429 2928 intexisse
453 2884 584 2949 prorsus
608 2862 782 2928 noluerim.
826 2863 918 2929 Prae·

81 2974 231 3039 termissa
243 2984 319 3038 sunt
334 2973 434 3059 igitur
450 2972 491 3035 de
507 2972 588 3037 serie
613 2972 647 3037 in
671 2993 792 3038 annum
817 2994 918 3059 usque

81 3082 294 3176 MDCCCY.
310 3095 463 3169 poemata
479 3079 555 3146 duo.

124 3191 227 3267 Quod
237 3191 279 3256 ad
293 3189 433 3256 formam
443 3190 549 3277 operis
561 3190 680 3254 attinet
690 3214 698 3270 ;
710 3211 785 3255 cum
797 3191 839 3254 ad
853 3201 917 3257 ter·

84 3301 166 3368 tium
193 3301 345 3368 volumen
370 3299 612 3366 conficiendum
635 3298 792 3364 deficeret
816 3315 921 3367 mate·

80 3409 157 3489 ries,
181 3410 244 3475 tria
274 3411 307 3475 in
332 3408 399 3474 duo
421 3407 656 3496 comprehensa
678 3430 748 3473 esse
765 3407 866 3488 volui,
886 3421 922 3474 et

81 3521 210 3586 minore
222 3518 460 3608 pretiouenire,
475 3540 515 3582 ne
529 3516 636 3583 forsan
646 3517 781 3582 aliorum
794 3517 921 3583 viderer

83 3628 138 3697 vel
149 3629 426 3697 existimationem
438 3627 488 3694 sel
500 3628 621 3693 famam
635 3627 699 3691 mei
715 3627 814 3714 ipsius
830 3638 921 3715 post·

81 3737 234 3805 habuisse
263 3736 493 3804 emolumento.
536 3735 629 3814 Vale,
653 3734 769 3814 lector,
787 3736 919 3823 juveni·

82 3846 194 3936 lesque
208 3846 270 3916 hos
284 3847 414 3916 labores
430 3847 514 3936 aequi
530 3845 674 3935 bonique
688 3833 839 3934 accipias.
