2160 4372
95 33 1057 305 m

224 759 430 817 narratoris
446 758 557 816 CAUSA
574 756 788 817 SUSCEFTUM.
897 757 930 808 13

95 942 287 1035 Cdoeunque
301 974 393 1025 arces,
413 955 553 1034 sedesque
567 959 677 1037 aperire
690 957 800 1015 beatas.

95 1085 188 1157 lhileis
200 1098 241 1157 ibi
255 1100 380 1176 requies,
400 1107 430 1157 et
444 1099 522 1157 molli
538 1107 645 1158 stratus
660 1101 690 1157 in
704 1098 797 1157 herba

95 1232 216 1314 ἷοωιιιισ,
236 1256 267 1305 et
279 1245 403 1325 egelidis
423 1246 547 1326 placidie
562 1249 592 1304 in
607 1247 786 1306 convallibus
796 1247 929 1321 umbrae3

95 1381 159 1449 lua
170 1390 282 1461 domus,
301 1392 448 1470 lauteque
462 1393 568 1471 epulae,
587 1401 617 1452 et
631 1392 780 1452 madentia
794 1391 879 1451 lusis-

95 1528 164 1595 lina
177 1536 269 1612 savis3
291 1537 408 1616 trepido
421 1540 546 1598 miscens
561 1540 601 1598 ibi
618 1560 767 1599 murmura
780 1540 863 1618 lapsu

95 1694 189 1744 actea
202 1675 365 1764 purpureos
379 1687 557 1764 interstrepit
570 1685 649 1744 unda
660 1686 783 1764 lapillos.

95 1827 163 1890 luiu
176 1852 238 1891 sese
252 1832 351 1904 fidam,
370 1852 454 1891 roseo
467 1833 574 1892 anilitas
586 1833 708 1911 pudore,

95 1977 232 2060 lecinget
245 1981 330 2039 lateri
343 1983 491 2048 comitem,
512 1981 707 2058 amplexuque
721 1979 828 2039 fovebit

95 2128 249 2199 lmbrosio,
268 2139 298 2188 et
311 2139 424 2188 teneros
436 2133 517 2207 virgo
530 2130 651 2206 spirabit
665 2148 786 2190 amores.

123 2276 198 2336 Haec
214 2275 299 2346 adeo,
316 2278 382 2336 hoec
397 2286 496 2354 turpes
511 2278 661 2354 tangentia
679 2277 800 2353 praetnia
813 2295 911 2334 sensus

95 2421 242 2494 'sllicitun
254 2425 437 2502 stimulisque
447 2427 559 2482 animos
572 2423 652 2483 haud
667 2423 803 2482 mollibus
817 2441 930 2500 urgens,

95 2567 238 2630 serrarum
253 2568 436 2629 Mahumeda
450 2589 535 2647 aequa
548 2570 613 2646 plus
626 2578 709 2647 parte
725 2569 897 2647 triumphat.

95 2717 178 2795 ltqui
190 2733 250 2775 non
265 2715 314 2775 tali
329 2715 433 2784 studio,
454 2734 508 2774 nec
523 2717 625 2776 ritibus
640 2719 710 2786 istis,

94 2871 202 2942 ntegra
214 2881 244 2920 se
254 2863 349 2936 jactat
359 2865 473 2940 pietas3
495 2884 591 2942 neque
605 2867 704 2924 inania
718 2867 801 2925 nobis

95 3009 136 3079 .'u,
149 3010 275 3080 Christe,
287 3011 391 3078 officia,
404 3020 434 3070 et
447 3020 562 3069 tantum
576 3011 752 3071 cumulanda
767 3014 898 3089 superbis

95 3157 259 3217 duueribus
272 3158 394 3234 templa,
407 3168 437 3215 et
450 3157 562 3215 steriles
575 3175 649 3213 vano
663 3155 765 3216 ordine
778 3177 910 3237 pompas,

95 3303 255 3364 llsudasti!
276 3305 342 3363 ‘libi
354 3304 437 3362 firma
451 3304 532 3372 iides,
552 3304 617 3362 Tibi
630 3305 760 3363 criminis
770 3325 873 3383 expers

95 3452 110 3512 i
112 3454 153 3512 ita
165 3454 276 3532 placet,
294 3472 426 3532 puroque
440 3422 587 3514 indoctum
601 3465 705 3532 pectus
719 3455 856 3516 honesto!

95 3597 226 3677 Rigore,
246 3564 410 3680 natumque
421 3602 493 3672 Deo,
513 3601 632 3680 soliique
647 3602 761 3664 Paterni
