2160 4372
133 689 187 764 rs'r
405 706 686 764 casraoasssss.

132 897 222 976 AEgra
234 897 334 967 fames,
352 901 497 961 taciturno
510 901 666 979 implorans
678 897 791 959 lumine
804 895 895 953 victur

133 1044 176 1107 At
188 1062 246 1103 non
259 1043 368 1104 idcirco
379 1044 455 1106 firmi
468 1044 575 1104 fiducia
587 1043 676 1120 coepti

134 1192 223 1251 lleroi
237 1192 378 1271 Angliaco
390 1194 483 1259 cessit,
503 1191 546 1249 vel
560 1189 684 1266 pectoris
698 1188 802 1264 ingens

132 1338 299 1398 Consilium.
339 1338 443 1398 Multae
456 1344 514 1395 stat
526 1355 585 1394 sese
599 1350 747 1412 opponere
759 1330 858 1397 morti,

131 1480 207 1540 'llam
219 1489 422 1559 tempestatem
434 1480 502 1539 belli
518 1483 697 1554 incertosque
710 1473 852 1532 tumultus

132 1626 297 1702 Temperat,
315 1634 345 1683 et
358 1624 473 1702 placida
486 1642 614 1701 presens
626 1623 730 1680 virtute
744 1624 869 1686 serenat,

133 1770 198 1846 lpse
211 1769 299 1827 alacri
314 1767 417 1835 studio,
436 1768 635 1844 promptisque
647 1762 797 1822 laboribus
810 1762 895 1818 instar

169 1918 211 1975 At
220 1915 303 1993 pulsa
316 1924 346 1973 et
358 1915 456 1973 fractis
464 1911 644 1991 jampridem
658 1913 793 1971 arrectior
807 1912 857 1968 iria

132 2063 237 2138 Majori
251 2063 372 2141 assurgit
384 2069 489 2138 coepto,
508 2068 596 2137 atque
610 2061 737 2116 immane
751 2057 861 2116 volutat

132 2213 227 2273 Gallia
237 2217 337 2274 mortis
348 2233 429 2292 opus.
454 2215 568 2290 Quippe
580 2214 728 2289 ingentem
739 2209 839 2268 ordine
847 2227 895 2268 mo

130 2359 245 2418 Turrito
257 2359 383 2421 tumidos
396 2366 577 2436 superantem
591 2357 718 2414 culmine
731 2355 836 2414 fluctus

130 2503 295 2572 AEdilicant,
314 2504 440 2581 vastique
455 2504 589 2561 attollunt
602 2501 731 2580 pondera
743 2502 827 2581 ligni.

131 2648 246 2707 Scilicet
259 2657 291 2706 ut
304 2666 381 2706 caeco
393 2652 508 2725 penitus
521 2652 682 2709 munimine
696 2650 768 2726 septi

130 2793 258 2852 Mortem
273 2802 461 2870 aspernentur
473 2797 647 2872 propiorem,
667 2803 696 2852 et
709 2794 832 2854 fulmina
847 2795 895 2852 mis

129 2939 227 3015 Atque
240 2940 359 3017 impune
373 2942 454 3018 ignes
468 2939 595 3019 trepidos
603 2940 769 3016 jaculentur
783 2941 814 2998 in
826 2939 895 2998 host«

129 3083 225 3162 Surgit
238 3104 321 3164 opus,
340 3083 498 3165 furtimque
512 3087 606 3144 futuro
620 3086 719 3144 sunere
734 3085 836 3144 soetum

129 3228 225 3288 Sulcat
239 3247 328 3308 aquas
339 3230 423 3308 longe
437 3233 593 3305 minitans;
613 3248 668 3288 nec
682 3232 790 3288 tristior
802 3230 851 3288 illa

130 3374 202 3433 Quae
214 3390 289 3430 saeva
302 3373 332 3431 in
345 3374 479 3432 miseram
493 3375 627 3454 surgebat
640 3374 777 3434 machina
789 3376 895 3450 Trojan

131 3517 312 3576 llorrendum
327 3518 497 3577 incumbens
511 3519 620 3579 devotae
633 3520 757 3598 desuper
769 3524 844 3583 urbi.

131 3663 195 3723 Heu
209 3664 293 3739 Trnja
308 3662 407 3724 infelix
422 3666 559 3725 ninnium!
582 3667 695 3744 quodsi
710 3670 763 3727 tibi
777 3669 845 3727 talis
