2160 4402
352 751 421 806 ΑΗΒ
438 751 615 806 munuum:

58 944 102 1005 Et
115 941 240 1020 chalybe
254 943 359 1003 imbuti
373 948 474 1017 multo,
494 967 565 1026 quos
578 965 655 1025 sape
667 963 721 1023 per
733 961 816 1023 agros

63 1092 201 1169 Aspicies
214 1088 304 1148 rubra
315 1089 425 1150 foedare
436 1093 546 1171 uligine
559 1096 646 1170 ripas.

66 1239 164 1298 Multa
177 1237 268 1294 etiam
280 1234 392 1294 ardenti
407 1235 501 1295 fumat
513 1236 567 1294 tibi
582 1235 719 1312 sulphure
732 1233 855 1311 lympha
862 1252 874 1307 3

66 1388 183 1450 Indicio
194 1395 248 1455 est,
268 1387 290 1443 si
305 1403 372 1464 quae
384 1394 472 1444 tetrus
485 1385 601 1444 exhalet
613 1383 714 1444 odores

67 1537 176 1604 latius,
200 1541 230 1593 et
244 1541 322 1592 terra
334 1534 466 1608 quamvis
478 1518 636 1608 hyemante
649 1539 788 1608 tepescat.

67 1681 153 1741 Tales
167 1683 231 1757 ipsa
245 1679 299 1736 tibi
313 1678 381 1735 felix
396 1654 510 1736 Alsatia
523 1677 625 1746 fontes,

66 1827 106 1885 Et
114 1827 188 1903 juga
202 1826 349 1902 Pynuonti
359 1826 489 1899 jactant3
512 1833 671 1901 notumque
683 1825 827 1883 Britannis

68 1970 275 2042 Scarburium3
296 1988 390 2046 neque
403 1977 433 2027 te
446 1973 578 2039 tacitam,
588 1970 743 2037 Bathunia,
757 1969 904 2048 linquam}

68 2121 226 2176 Fortunata
239 2117 340 2176 nimis!
363 2136 457 2175 sacros
469 2117 518 2175 hic
533 2119 596 2194 ipsa
609 2136 736 2176 recessus

69 2265 143 2322 Dira
156 2264 248 2333 Salus,
267 2263 422 2342 sedemque
435 2266 505 2323 colit
518 2267 612 2342 magis
625 2263 760 2321 omnibus
774 2282 873 2323 unam.
897 2269 899 2273 ’

109 2406 172 2464 Nec
185 2426 260 2474 vero,
280 2406 345 2464 haec
359 2410 489 2484 quamvis
502 2409 584 2467 nullo
597 2417 717 2487 cogente
731 2414 830 2466 creata

70 2552 196 2620 Adsunt,
209 2572 269 2611 non
281 2555 370 2612 etiarn
384 2555 507 2614 multum
520 2556 575 2613 eibi
590 2555 709 2632 provida
722 2555 806 2614 finxit

72 2701 162 2759 Mens
173 2699 327 2757 huminum
340 2701 449 2768 auxilii,
468 2711 499 2758 et
512 2702 605 2759 multa
615 2689 815 2760 medicamina
826 2717 907 2758 curu.

111 2847 188 2924 Ergo
201 2864 288 2904 novas
300 2847 386 2905 rebus
399 2849 482 2914 vires,
502 2865 644 2923 usumque
658 2846 805 2906 salubrem

70 2993 241 3070 Chymicus,
262 3001 348 3069 atque
362 2994 452 3050 etiam
464 2993 559 3051 varias
573 2992 677 3051 exinde
691 2993 797 3070 figuras

70 3138 198 3206 Induat,
217 3138 371 3214 clausaque
386 3147 464 3196 arcte
477 3138 592 3195 somace
605 3144 729 3203 coercet,

69 3287 173 3362 Atque
184 3282 279 3342 modis
292 3292 405 3360 torquet
417 3285 508 3351 miris,
528 3293 616 3361 atque
631 3282 747 3361 ignibus
760 3291 853 3360 urget.

71 3432 232 3498 Nimirum,
251 3438 284 3487 ut
296 3431 424 3505 primum
440 3430 529 3488 subiit
542 3432 583 3487 vis
597 3431 695 3505 pervia
708 3429 845 3495 flammea,

67 3552 225 3643 Guntinuo,
245 3594 312 3652 quae
326 3593 390 3634 rara
403 3577 508 3654 magis,
526 3576 661 3652 nulloque
675 3584 794 3654 gravata

69 3724 213 3794 Pondere,
233 3725 355 3784 terrenis
368 3721 477 3782 redunt
490 3742 509 3781 a
521 3722 642 3782 faecibus
654 3723 735 3789 ultro,
