2160 4372
132 797 172 858 ἥ,
323 794 526 855 nowsltuus
542 795 789 853 uuusrumls

135 987 199 1047 Heu
214 971 378 1049 miserande
391 989 493 1049 senex!
515 991 562 1049 cui
577 1008 653 1049 mom
665 989 785 1066 lapsura
797 987 860 1046 urim

132 1132 202 1193 Tela
216 1133 276 1215 diu,
296 1136 460 1214 retinetque
473 1142 589 1213 optatos
602 1136 705 1195 srevior
718 1137 804 1202 ictus,

118 1283 174 1364 ¹At
187 1283 240 1343 tibi
255 1284 387 1345 coniecto
400 1284 517 1352 morbis,
536 1292 567 1343 et
578 1302 653 1343 rann
666 1283 806 1361 gementi,

135 1431 197 1491 Hoc
211 1432 337 1509 solamen
348 1439 413 1492 emt
425 1451 494 1491 cum
507 1431 600 1509 iungis
614 1431 727 1508 Hospes
738 1429 776 1489 ub
786 1429 842 1488 oris

133 1576 263 1638 indoleat
276 1581 416 1639 miserens
429 1598 540 1649 casum,
558 1579 762 1656 lacrymasque
775 1577 860 1654 rigent

132 1724 292 1803 Abstergat
304 1725 395 1794 vultu,
413 1733 444 1784 ct
456 1727 534 1783 curis
546 1723 719 1801 respondeat
734 1725 828 1801 mgris.

172 1871 323 1932 Hactenus
335 1869 473 1934 informes
485 1860 638 1939 mulsimus,
656 1879 689 1927 ct
699 1868 807 1927 nullius
820 1876 860 1925 snt

132 2021 202 2081 Visa
214 2020 313 2091 oculis,
332 2018 410 2080 foedo
421 2020 480 2084 inte
494 2019 558 2079 locs
570 2016 666 2078 lurida
681 2018 759 2085 tabo,

131 2168 170 2228 Et
183 2169 277 2228 tristes
287 2170 349 2234 sine
361 2168 420 2228 sole
434 2186 519 2228 susus
532 2173 682 2244 penetrare
695 2165 831 2224 tenebras

131 2317 193 2379 Aut
204 2317 315 2384 miseris
324 2317 401 2377 ultro
412 2317 480 2380 sits
493 2313 595 2374 solutis
609 2312 712 2395 dulcis,

131 2459 222 2520 Parva
232 2460 314 2529 licet,
332 2457 513 2534 fructumque
529 2455 602 2515 adeo
614 2473 749 2515 renovare
764 2455 860 2523 salutet

131 2603 266 2666 ‘renunt
278 2603 372 2677 solus;
392 2602 489 2662 subito
501 2621 570 2664 cum
584 2603 696 2665 cautior
709 2610 806 2662 arctus

131 2749 225 2810 Romu
237 2747 312 2809 fores
325 2750 439 2820 clausit,
457 2768 604 2830 saermque
618 2749 781 2828 tyrannidis
796 2766 860 2809 arce

131 2896 170 2957 Et
180 2915 288 2976 magns
300 2916 351 2959 ors
363 2896 467 2963 domus
477 2898 546 2977 vigil
556 2897 717 2961 observavit
731 2898 762 2957 in
776 2895 860 2957 armis

132 3044 175 3105 At
188 3044 261 3105 mihi
273 3047 297 3105 si
309 3045 397 3109 liceat
407 3047 535 3111 latebras
548 3047 668 3123 impune
681 3043 799 3103 silentes

131 3188 272 3264 Pandere,
290 3203 321 3253 et
332 3195 363 3254 iu
374 3195 461 3255 coecis
472 3195 549 3253 intus
561 3193 714 3271 spatiarier
726 3193 847 3261 umbris.

131 3341 276 3400 Continuo
285 3359 448 3420 exstingues
459 3343 611 3404 tenebrosa
624 3359 677 3419 per
689 3344 766 3400 stris
779 3342 860 3420 Mnus

132 3487 199 3547 Huc
214 3487 282 3546 illuc
296 3484 442 3565 trepidare
455 3497 546 3557 metu,
565 3488 732 3566 passimque
746 3487 858 3548 videbis

132 3633 254 3694 Sedibus
267 3635 298 3695 in
309 3637 409 3696 vacuis
422 3644 440 3671 “
451 3644 522 3695 stre
535 3634 699 3695 formidinis
711 3634 792 3695 orn.'’

170 3782 289 3845 Infelix!
311 3785 478 3864 quicunque
492 3784 604 3844 incuset
611 3783 680 3858 jura
693 3785 812 3864 tyranni
