2160 4372
191 754 236 836 ‘at
543 765 692 843 ionum.

200 972 271 1033 Solis
285 975 421 1036 inaccessi
437 979 535 1051 radiis,
547 985 741 1060 strepitusque
753 978 892 1039 laborum

200 1121 349 1181 Insolitum
360 1140 496 1184 resonans
509 1145 667 1205 peropaca
681 1124 857 1203 crepuscula
871 1123 977 1188 noctis,

199 1271 297 1348 Atque
312 1271 463 1332 hominum
478 1272 555 1331 loeda
567 1273 684 1340 illuvies,
703 1280 734 1329 et
748 1273 838 1330 mista
849 1269 981 1328 tumultu

201 1419 364 1486 Murmura,
384 1418 600 1495 torrentumque
613 1417 718 1494 fragor,
729 1415 900 1492 stridorque
911 1420 1039 1472 totamm,

199 1566 238 1626 Et
250 1566 308 1624 late
323 1565 437 1622 inferno
449 1563 616 1640 spectacula
629 1561 772 1639 squallida
787 1563 857 1621 ritu.

240 1713 390 1772 Hactenus
402 1711 478 1778 hac,
486 1709 538 1768 sed
549 1717 638 1767 restat
650 1709 747 1767 adhue
761 1727 833 1785 pars
843 1708 953 1766 ultima
959 1721 1037 1765 cum

200 1862 345 1920 Continuo
358 1879 468 1919 massas
478 1870 509 1918 et
521 1862 628 1918 inertia
640 1858 770 1936 pondera
783 1858 843 1916 boli

200 2011 310 2069 Crebra
323 2016 419 2068 terant
430 2008 626 2086 franguntque
640 2006 734 2074 molae,
748 2004 897 2082 fontisque
911 2004 1038 2083 perennis

200 2142 385 2227 Undalavet,
397 2156 511 2235 colique
523 2152 651 2212 exudent
661 2154 772 2210 vimina
785 2162 902 2230 guttas:

201 2306 267 2366 Quo
279 2318 359 2364 more
375 2308 420 2379 (ut
434 2303 599 2380 perhibent)
615 2298 704 2378 gelidi
723 2318 816 2375 prope
831 2295 966 2358 Phasidis
977 2298 1039 2358 olim

202 2442 319 2519 littora,
334 2458 485 2509 traxerunt
499 2458 633 2509 auratum
647 2451 677 2506 in
692 2447 831 2506 Colchide
843 2449 946 2509 vellus.
991 2484 999 2495 ι

199 2592 345 2670 Torqueat
360 2594 427 2649 inde
441 2593 534 2650 modis
547 2594 631 2651 variis
645 2593 760 2652 fornace
775 2594 886 2652 calenti

202 2739 369 2806 Chemicus,
381 2746 411 2795 et
425 2745 509 2796 terra>
523 2753 666 2817 expurget
678 2743 720 2799 vis
733 2745 819 2819 ignea
833 2750 945 2819 partes,

201 2888 415 2966 Sulphuraque,
429 2889 660 2964 arsenicumque,
671 2896 701 2946 ot
712 2889 800 2946 rubra
808 2888 884 2948 faeee
896 2891 1019 2968 pyriten.

198 3052 201 3057 ’
242 3037 305 3096 Nee
319 3037 421 3113 pigeat
434 3033 526 3091 varias
538 3043 622 3101 artes,
635 3052 812 3111 omnemque
827 3038 940 3098 metalli

203 3183 368 3242 Exeoluisse
384 3202 477 3250 usum,
492 3192 522 3239 et
535 3189 617 3239 tanto
629 3181 791 3258 invigildsse
804 3183 917 3261 labori3

203 3306 320 3384 Scilicet
333 3326 453 3383 indulsit
465 3328 574 3403 passim
588 3325 760 3385 mortalibus
774 3328 860 3405 aegris

202 3474 318 3535 Natura
332 3474 483 3542 auxilium,
503 3482 590 3552 atque
603 3475 696 3552 inopis
709 3475 852 3534 solamina
865 3481 943 3548 vitae,

201 3621 298 3700 AEqua
310 3639 426 3698 parens,
446 3620 524 3677 vario
537 3618 718 3696 distinguens
732 3638 855 3680 munere
868 3631 970 3693 terras,

203 3772 282 3832 ilinc
295 3771 377 3850 larga
390 3769 529 3830 AEmathii
544 3766 682 3828 fuderunt
695 3769 825 3848 pondera
838 3778 950 3853 campi,
1009 3820 1015 3828 .
