2160 4372
129 747 146 795 Β
412 743 480 799 Alis
497 744 678 799 MENNN-¹

129 934 335 1011 Auxiliumque
347 933 456 1006 herbae,
474 949 505 996 et
516 942 597 1016 parci
612 937 808 997 medicamina
822 936 916 1008 succi;

131 1080 265 1157 Namque
278 1079 381 1139 eadem
395 1082 502 1140 nimius
514 1083 619 1141 misero
631 1083 653 1139 si
668 1082 791 1158 contigit
802 1078 916 1138 haustus

39 1238 43 1245 ·
131 1226 214 1285 Heu!
235 1228 311 1287 male
324 1226 457 1291 lethifero
470 1227 558 1286 solvet
570 1229 624 1286 tibi
638 1229 742 1306 frigore
753 1230 854 1288 vitam.

171 1373 233 1431 Nec
246 1390 314 1431 vero
326 1371 436 1430 steriles
449 1373 560 1431 circum
575 1393 632 1452 qua
643 1376 741 1453 glarea
754 1375 842 1433 colles

131 1518 290 1589 Deformat,
308 1538 367 1578 non
380 1520 527 1599 thymbrae
539 1522 609 1593 illic,
627 1530 658 1580 et
670 1523 776 1581 olentia
789 1521 848 1579 late

132 1667 295 1725 Centaurea
308 1664 421 1734 adsunt,
441 1670 575 1745 tristique
588 1668 733 1727 absinthia
746 1686 842 1737 succo,

134 1813 295 1889 Salviaque,
315 1821 345 1871 et
357 1814 439 1872 miris
450 1813 566 1891 perfusa
578 1832 722 1891 papavera
734 1813 851 1879 somnis,

108 1949 112 1955 ’
133 1960 172 2018 Et
185 1968 260 2027 ruta,
280 1945 417 2018 auxilium
431 1979 488 2036 quo
498 1978 556 2018 non
568 1964 738 2037 praesentius
751 1961 856 2028 ullum,

135 2109 256 2170 AEthera
268 2110 291 2166 si
305 2108 423 2184 quando
436 2108 537 2167 iniecit
550 2111 591 2166 vis
604 2109 737 2168 morbida
750 2111 872 2176 circum,

136 2255 195 2314 Ora
207 2255 299 2313 fovere
315 2257 408 2332 aegrie,
428 2264 598 2330 pestemque
612 2273 709 2313 arcere
722 2255 892 2332 malignam.

177 2402 343 2460 Quinetiam
357 2403 420 2475 ipsa
433 2399 487 2456 tibi
502 2401 580 2457 vario
593 2399 785 2457 medicamine
799 2398 869 2457 foeta

137 2545 251 2613 ‘lelium
272 2543 396 2601 multum
411 2544 490 2604 illam
505 2547 615 2621 ingenti
629 2545 760 2604 effodisse
774 2546 871 2603 labore

138 2691 278 2759 Proderit,
299 2701 385 2768 atque
400 2694 473 2752 imas
486 2694 587 2752 subtus
599 2704 763 2771 penetrasse
776 2695 912 2753 latebras.

140 2841 192 2900 llla
206 2840 259 2897 tibi
274 2849 304 2898 et
317 2840 474 2916 chalybem
488 2841 604 2911 durum,
623 2844 750 2920 ferrique
763 2841 882 2900 metalla

141 2987 269 3061 Sufficit;
290 2987 339 3045 illa
352 2988 443 3044 etiam
455 2985 574 3064 liquidis
587 2988 739 3044 manantia
752 2985 820 3044 rivis

142 3133 283 3209 Argenta,
303 3139 333 3191 ct
346 3130 465 3189 stibium
479 3132 607 3208 nigrans,
625 3140 656 3189 et
668 3130 777 3206 pingue
791 3128 916 3186 bitumen

144 3275 356 3352 Sulphuraque,
376 3283 406 3331 et
418 3273 510 3332 multo
521 3282 692 3332 concoctum
705 3272 811 3351 frigore
825 3273 916 3329 nitrun

185 3424 262 3482 ilinc
277 3418 350 3478 adeo
361 3426 394 3480 ut
407 3417 491 3477 tellus
504 3416 622 3476 diversis
635 3434 759 3493 quaeque
774 3416 916 3474 clementii

144 3571 272 3635 Constat,
291 3563 417 3624 diversas
431 3561 533 3621 itidem
545 3563 677 3638 viresque
690 3580 880 3639 saporemque

145 3719 302 3796 Accipiunt
314 3715 424 3774 fontes:
447 3709 641 3789 aliiduroque
655 3710 752 3788 Pyrite
