2160 4372
483 795 636 852 funins.
941 794 980 855 fi

140 982 314 1059 sulphureo,
334 987 453 1049 inducat
467 992 616 1065 flammas3
638 988 763 1066 displosa
776 993 897 1062 repente
964 1018 969 1031 ·

137 1126 307 1206 Frnguiina,
326 1141 356 1191 et
369 1136 459 1195 attolli
472 1147 602 1196 montem
616 1134 810 1214 penetralibus
824 1133 891 1191 irnis

137 1273 264 1334 Cernere
278 1281 342 1348 erit,
361 1281 519 1359 subtusque
534 1291 597 1341 atro
608 1283 670 1340 loca
681 1279 777 1339 lurida
789 1278 881 1337 hiatu.
953 1326 964 1343 „

176 1421 270 1497 Atqui
284 1442 341 1481 non
354 1431 451 1483 tuntas
463 1426 583 1502 operinn
598 1427 726 1485 molirier
740 1442 825 1482 ausus

134 1564 192 1624 Fas
205 1568 325 1644 impune
338 1569 461 1640 homini,
479 1571 550 1629 lethi
565 1581 608 1630 tot
620 1572 700 1630 mille
714 1568 832 1647 pericla,

133 1708 238 1771 Tantae
252 1713 362 1771 instant
375 1716 543 1793 ubicunqne
556 1718 652 1790 rices;
674 1732 725 1772 seu
738 1731 809 1772 saxa
822 1713 940 1772 ruinam
951 1742 954 1748 ·

134 1854 320 1919 Horrendam
333 1861 461 1939 collapsa
474 1862 600 1930 trahant,
620 1865 678 1922 sive
692 1881 800 1939 agmen
811 1878 956 1940 aquarum
1040 1881 1046 1898 ¹

132 2002 316 2082 Prorumpat,
329 2009 494 2085 rapidoque
510 2008 607 2066 furens
621 2016 687 2066 ruat
700 2009 801 2065 omnia
815 2008 882 2066 rivo.
957 2070 961 2081 ‚

130 2149 263 2209 Multum
275 2154 364 2210 etiam
376 2153 513 2212 humores
525 2162 555 2211 et
569 2171 627 2211 non
642 2153 775 2210 innoxius
786 2157 844 2219 aer,
955 2184 959 2224 3

128 2297 169 2355 Et
182 2298 261 2356 lenta
274 2301 403 2359 officiunt
417 2304 543 2361 contacti
557 2311 638 2379 peste
650 2320 779 2379 vapores,

127 2443 293 2505 Praesertim
307 2449 403 2508 subito
414 2469 514 2508 sensus
523 2450 664 2528 obrepere
678 2449 754 2506 visus

126 2592 204 2650 Cum
219 2601 327 2671 stupor,
345 2604 376 2654 et
388 2599 546 2672 premissae
560 2599 704 2675 exstingui
717 2594 797 2655 taeda
808 2595 945 2655 lucernae.

125 2736 206 2795 Nam
220 2739 376 2815 quisquam
390 2740 511 2798 infectas
524 2741 610 2799 sirnul
625 2758 658 2797 ac
672 2742 834 2817 captaverit
849 2757 942 2804 auras,

125 2884 272 2943 Continuo
285 2887 436 2945 obluctans
448 2888 544 2946 brevis
557 2888 587 2944 in
600 2887 738 2964 pulmone
752 2886 867 2944 laborat

121 3029 257 3108 Spiritus,
270 3041 300 3091 et
313 3035 406 3108 gravis
419 3031 572 3092 effundens
585 3050 646 3088 sese
659 3030 775 3097 halitus
786 3049 837 3088 orn

121 3175 264 3245 Obstruit,
276 3180 436 3237 Amsancta
450 3178 545 3254 qualis
557 3175 611 3233 sub
626 3176 699 3235 valle
713 3175 852 3252 mephitis

120 3323 210 3382 Tetra
223 3325 301 3392 olim,
317 3327 491 3405 Stygiusque
506 3327 588 3384 lacus
601 3324 793 3402 graveolentis
807 3324 941 3399 Averni..

120 3470 209 3547 Saqu
222 3469 298 3527 leves
311 3470 431 3530 volitant
444 3471 555 3528 circum
569 3469 715 3544 laquearia
726 3468 802 3526 lanae

118 3616 228 3675 Tenuis
239 3619 288 3676 ubi
303 3617 426 3695 graciles
438 3615 589 3692 suspendit
602 3634 708 3673 aranea
722 3633 826 3682 casses,

118 3763 219 3828 Fatale
234 3762 392 3825 indicium!
415 3773 478 3823 tuin
491 3761 548 3819 fixa
562 3763 676 3820 horrore
691 3760 788 3821 silenti

511 3912 567 3988 0-3
