2160 4402
270 862 474 918 GOTHORUM
492 861 601 926 REGE,
618 861 798 919 sponsas.
903 862 955 915 181

113 1056 260 1119 Curribus
272 1066 305 1116 nt
318 1065 407 1120 strato
417 1067 529 1119 remeat
541 1059 692 1117 subvectus
706 1057 743 1116 ab
756 1057 848 1125 hoste,

117 1206 265 1283 Excipiet,
284 1206 445 1282 meritaque
463 1207 595 1283 accinget
608 1213 739 1281 tempora
751 1202 842 1262 lauro.

121 1353 190 1412 Jam
203 1352 294 1410 variae
307 1359 407 1428 gentes
420 1351 529 1409 audent
540 1370 569 1408 se
584 1349 711 1409 attollere
725 1357 826 1408 contra

124 1499 270 1573 subjectae
283 1504 314 1555 et
325 1517 462 1577 magnam
476 1499 557 1576 regni
572 1498 706 1559 divellere
719 1507 844 1577 partem.

109 1709 111 1712 ,
127 1645 225 1722 Atque
238 1642 289 1700 hie
303 1643 434 1702 imbelles
446 1646 550 1702 iterum
564 1647 595 1704 in
609 1645 769 1703 certamina
780 1643 865 1703 vertit

131 1789 200 1849 Afer
213 1808 305 1869 agens
318 1799 439 1861 turmas,
457 1800 488 1850 et
496 1793 558 1867 jam
572 1791 691 1852 desueta
703 1792 894 1871 elephantum

131 1934 268 2012 corpora,
287 1937 459 2014 turritasque
473 1937 586 2011 minas;
606 1936 655 1994 hic
668 1934 751 1996 lndia
763 1951 877 1994 rursum

131 2083 200 2143 Tela
214 2083 321 2152 fremit,
341 2084 520 2163 Parthasque
534 2094 614 2163 optat
626 2102 762 2144 renovare
773 2083 884 2162 sagittis

131 2228 247 2298 Praelia,
266 2247 321 2288 nec
335 2238 469 2289 metuunt
483 2231 629 2309 llyrcsnae
642 2229 756 2288 vincula
769 2230 867 2308 tigres.

172 2379 216 2439 At
230 2387 262 2437 tu
276 2386 421 2439 tantarum
435 2399 502 2458 quae
516 2381 576 2438 sola
588 2381 741 2441 Britannia
757 2396 854 2439 reram

135 2527 248 2586 Clarior
261 2524 390 2605 effulges,
408 2535 440 2584 et
452 2529 610 2603 majestatis
623 2529 730 2607 imago,

135 2676 212 2737 0¹1ae
224 2673 323 2733 media
336 2683 431 2752 strage
442 2693 479 2733 ex
492 2677 566 2752 ipsa,
586 2676 743 2754 Romaeque
757 2692 892 2753 supremo

137 2823 275 2883 Ecinere
289 2840 448 2900 assurgens,
468 2821 575 2880 duxisti
588 2823 659 2880 hinc
672 2822 769 2899 prima
782 2819 871 2880 futuri

139 2967 283 3044 Auspicia
296 2967 420 3044 imperii,
439 2965 661 3043 libertatemque
675 2983 853 3041 perennem3

141 3111 270 3171 Adverte
280 3111 339 3169 huc
353 3117 493 3179 mentem,
511 3117 663 3184 tantosque
677 3107 710 3166 o!
733 3107 843 3183 respice
857 3122 941 3164 casus
949 3127 958 3181 3
975 3168 986 3195 Ι

142 3258 224 3319 Neve
238 3255 292 3315 tibi
306 3253 376 3314 hinc
390 3257 501 3312 animos
514 3253 599 3313 luxus
611 3253 788 3330 perstringat
802 3254 917 3311 inertes.

145 3403 192 3463 Sic
206 3399 279 3462 dum
293 3402 452 3462 Romanam
465 3401 610 3469 virtutem,
630 3400 758 3478 altosque
771 3399 944 3479 triumphos,

147 3548 322 3631 Ingrederis,
340 3547 477 3626 famaque
491 3545 596 3606 ardens
609 3545 648 3605 ad
658 3545 753 3605 sidera
766 3547 868 3624 surgis,

147 3701 211 3762 Stet
224 3699 346 3776 sceptris
359 3704 468 3756 aeterna
479 3694 556 3755 dies!
578 3712 634 3768 neu
648 3691 764 3752 mobilis
776 3710 906 3772 unquam

149 3849 287 3926 Ingentes
300 3861 359 3903 aaa
371 3841 468 3903 clades
480 3858 547 3900 cum
559 3838 646 3900 laude
660 3838 804 3918 sequaris!
