2160 4372
53 406 56 413 ι

413 811 567 869 uomitu.

68 1003 263 1066 Deficienten
276 1005 414 1074 animam,
427 1014 457 1065 et
469 1009 544 1066 vires
556 1024 688 1068 revocare
701 1004 817 1067 solutu.

69 1153 157 1215 Parte
169 1152 231 1211 slis
239 1153 348 1231 Stygiis
360 1156 477 1231 penitus
490 1151 783 1233 submerss2tenebris

69 1302 166 1367 Antra
171 1301 282 1374 iacent,
301 1300 390 1379 gelidi
402 1303 458 1360 nisi
472 1321 530 1379 qua
543 1302 596 1360 sub
610 1301 727 1361 fornicis
739 1300 846 1361 umbra

70 1447 249 1524 Sulphureas
262 1449 452 1519 internubes,
471 1457 646 1526 noctemque
658 1448 830 1527 malignam,

69 1597 106 1655 In
119 1615 225 1674 gyrum
238 1595 340 1674 rapide
354 1595 477 1654 ferratus
489 1595 612 1654 volvitur
624 1595 711 1664 urbis,

66 1745 214 1810 Innocuas
226 1744 316 1804 silicis
328 1744 460 1802 flammas
473 1741 628 1818 lucemque
641 1741 820 1807 ministrans,

110 1891 260 1950 Fossurem
274 1893 384 1949 interea
396 1890 479 1947 vanis
492 1888 649 1946 terroribus
661 1896 747 1969 urget

68 2037 160 2095 Caecs
171 2036 354 2112 superstitio;
375 2034 432 2093 sive
444 2031 581 2091 exaudita
596 2050 648 2107 per
663 2032 784 2089 umbras

68 2180 135 2240 Vox
148 2187 218 2238 nuta
231 2178 385 2255 increpitet
398 2176 493 2259 Genii,
513 2175 654 2259 somnisve
668 2191 818 2232 susurrans

68 2325 240 2400 Admonet3
261 2343 330 2403 ergo
344 2324 386 2383 illi
400 2325 541 2383 instaurat
555 2321 684 2380 solennia
698 2319 786 2389 donn,

69 2473 134 2532 Nec
145 2473 304 2552 quicquam
317 2477 427 2528 tentare
442 2467 539 2539 audet,
551 2487 663 2528 memor
677 2475 744 2528 aute
756 2473 894 2546 precatus

71 2621 168 2682 Quum
181 2618 269 2678 suerit
279 2617 403 2694 supplex
415 2619 542 2694 votisque
553 2617 698 2676 vocaverit
709 2634 794 2673 omen
806 2635 816 2690 ;

72 2770 138 2846 lpse
151 2766 224 2827 deus
234 2783 320 2827 venus
334 2765 436 2841 aperit,
455 2762 631 2841 redimitque
644 2764 767 2824 latentes

72 2918 141 2979 Rite
151 2917 251 2976 favens
264 2915 355 2992 operi,
373 2919 403 2971 et
416 2914 552 2990 praesenti
566 2915 687 2971 numine
701 2913 807 2973 firmat.

73 3069 190 3147 Quippe
202 3075 298 3126 metus
309 3063 476 3139 ubicunque
490 3060 635 3128 habitant,
654 3063 731 3139 riget
750 3063 815 3138 ipsa
835 3063 913 3124 loco-

190 3233 259 3274 rum

73 3358 208 3436 Reliigio,
221 3359 404 3435 tenebrisque
418 3357 504 3415 silens
514 3358 626 3416 circum
641 3358 762 3417 incubat
774 3358 894 3425 horror!

72 3506 222 3570 Nimirum
234 3515 265 3564 et
277 3507 367 3564 tacita
377 3506 523 3583 stringunt
536 3504 689 3565 formidine
703 3516 836 3571 mentem

70 3652 179 3715 Tristia
192 3672 282 3731 regna
295 3654 359 3721 situ,
371 3665 401 3709 et
413 3652 499 3709 caecis
510 3659 659 3728 praeruptu
672 3653 837 3732 barathris3

70 3800 281 3881 Speiuueaeque
293 3798 395 3878 uigere,
408 3804 438 3859 et
451 3798 522 3857 vasti
536 3795 647 3856 telluris
660 3797 759 3863 hiatus
