2160 4372
836 62 838 69 Ι

10 39 654 285 -
838 150 841 157 ι
893 39 1016 301 Ι

342 680 454 743 ὒΑὶΡΕ
470 685 623 746 OBSESSA.

57 869 201 948 subjecti,
219 885 249 935 et
262 877 380 954 placida
392 881 511 941 tandem
524 841 647 941 statione
659 880 766 957 potitur

10 1006 15 1021 ‘
57 1014 164 1076 Tutius
178 1021 210 1076 in
224 1025 354 1098 propria·
368 1028 541 1131 comnqercia
553 1035 663 1081 vertere
677 1021 781 1081 Gades.

98 1163 189 1238 Ergo,
208 1164 259 1220 ubi
269 1165 333 1238 jam
346 1167 432 1243 longo
444 1166 577 1225 confecta
591 1167 742 1224 Britannia
755 1165 831 1224 belin

56 1306 147 1384 AEgre
161 1307 274 1366 lassatis
287 1309 334 1366 rix
346 1310 394 1367 rix
406 1327 466 1368 sese
480 1312 581 1388 arrigit
594 1311 691 1376 armis,
730 1330 733 1337 ·

56 1451 181 1511 Grande
194 1472 267 1530 apua
280 1453 457 1533 aggreditur,
475 1456 609 1532 socioque
622 1452 760 1530 cupidine
774 1450 885 1511 ductoe·

55 1597 180 1664 Juncta,
199 1617 253 1656 nec
267 1599 380 1667 invitos,
397 1608 480 1657 vocat
494 1601 524 1656 in
537 1600 697 1657 certamina
711 1598 817 1655 Gallus.

58 1740 126 1802 Una
139 1744 243 1801 intenti
257 1761 359 1801 omnes
372 1761 430 1800 non
441 1751 524 1819 equo
538 1745 633 1802 Marte
648 1743 796 1800 labantem

56 1888 191 1957 Diruere,
208 1896 240 1946 et
257 1881 385 1965 priscum
400 1896 555 1964 properant
568 1887 704 1944 divellere
719 1895 873 1962 sceptrum.

56 2033 150 2110 Urget
161 2051 245 2092 amor
257 2035 371 2110 patriae,
390 2041 452 2090 tum
466 2035 563 2109 magni
578 2032 668 2109 gloria
681 2029 760 2097 sacti,

55 2179 264 2261 vvindictaeque
278 2179 371 2246 ardor,
390 2179 523 2254 laesaeque
539 2179 641 2250 injuria
656 2176 753 2235 samm.

96 2329 230 2389 Protinus
243 2331 403 2387 innumerae
416 2332 520 2386 co'eunt
532 2325 601 2382 hinc
616 2322 684 2381 inde
698 2331 828 2382 catenae.

55 2475 96 2535 Et
108 2494 179 2553 quor
192 2476 305 2553 clivosis
318 2472 460 2550 Hispania
473 2470 562 2529 mittit
578 2469 614 2527 ab
628 2469 693 2534 oris,

56 2622 170 2699 Quique
184 2630 214 2678 et
228 2621 338 2678 nativos
351 2616 492 2694 stropulos,
510 2617 636 2692 vitesque
651 2625 784 2691 paternat

55 2764 254 2842 Linquebant,
272 2766 330 2822 aeti
344 2764 477 2822 intentati
493 2763 597 2820 Martis
612 2764 641 2818 in
656 2780 745 2819 arma.

55 2907 194 2985 Undique
208 2917 271 2966 tum
285 2925 388 2983 rupem
402 2913 534 2982 porrecto
547 2904 637 2960 milite
652 2906 774 2981 cingunt
808 2963 814 2972 ,

54 3055 221 3123 Obsessam,
240 3063 270 3113 et
283 3056 406 3132 propriis
419 3054 475 3111 iate
489 3052 673 3110 dominantur
687 3052 716 3107 in
731 3050 824 3110 undis.

95 3200 175 3261 Quid
185 3210 247 3258 tum
260 3197 332 3276 quid
343 3200 453 3257 miseris
465 3197 598 3284 sperare?
613 3195 665 3251 en!
681 3194 769 3251 hostis
780 3195 890 3273 ubique

54 3336 168 3403 Cinxit!
186 3347 249 3419 jam
264 3351 352 3402 terret
365 3345 512 3402 teterrima
525 3342 625 3398 mortis
640 3342 746 3418 imago,

53 3489 220 3550 Ostendens
234 3491 343 3550 vultum
359 3499 389 3547 et
402 3490 538 3547 stillantes
552 3491 690 3566 sanguine
705 3491 818 3564 crines;

54 3636 179 3712 Jamque
193 3637 358 3714 expectanti
372 3636 476 3692 sensim
491 3632 620 3692 confecta
634 3631 727 3691 dolore
