2160 4372
128 747 181 809 W
380 752 523 810 nostrus
539 749 724 807 ANGHCU&

133 945 212 1004 Inter
224 944 305 1004 enim
318 945 430 1016 labens,
441 947 584 1026 Zephyris
597 943 788 1024 spirantibus,
796 947 868 999 aust

132 1088 179 1148 sic
193 1108 267 1167 puro
279 1089 384 1151 subeat
396 1095 498 1171 spatio,
516 1092 676 1169 Phoebique
690 1089 799 1150 calores

133 1237 291 1316 Temperet
303 1240 422 1307 aestivos,
442 1249 472 1298 et
482 1240 540 1299 leni
553 1238 682 1298 mulceat
695 1235 831 1295 umbram

133 1388 249 1466 Frigore
260 1411 269 1462 ;
290 1397 352 1448 tum
365 1390 450 1448 laeres
463 1390 665 1451 interlucentia
678 1400 798 1449 truncus

136 1533 215 1591 Rura
228 1534 298 1593 hinc
309 1535 468 1613 prospicias
480 1538 611 1613 sparsim,
630 1535 787 1609 vicinaque
800 1535 875 1587 tecta

136 1672 288 1744 villarum,
302 1678 503 1754 atquehumili
511 1685 678 1757 surgentem
689 1674 843 1734 aculmiue
851 1664 903 1728 tm

177 1823 292 1884 Interea
304 1831 371 1882 ante
385 1822 486 1882 dumos
500 1825 661 1902 primisque
675 1825 707 1882 iu
719 1821 838 1881 sedibus
847 1818 903 1878 hort

138 1969 263 2048 Higitur
273 1968 369 2043 losus3
390 1969 531 2047 hybernas
542 1985 600 2047 qua
614 1968 704 2027 taedia
713 1968 832 2026 brume

138 2117 261 2176 Fallenti
276 2126 306 2176 et
317 2135 419 2195 segnes
430 2115 549 2176 ducenti
563 2117 695 2194 ignavius
704 2116 796 2174 horas

140 2261 257 2341 Aggere
272 2265 303 2321 in
317 2263 417 2340 aprico
423 2264 553 2338 spatiari,
572 2277 714 2338 aurasque
727 2259 856 2320 salubres

142 2409 297 2486 Aoeipere,
315 2414 345 2466 et
355 2382 456 2468 semus
469 2409 555 2468 liceat
568 2423 744 2486 presumere
758 2408 840 2467 soles.

143 2557 261 2615 Scilicet
272 2554 343 2614 hinc
352 2555 429 2614 liber
441 2564 541 2632 pateat
553 2567 724 2636 prospectus
736 2558 775 2617 ab
786 2559 864 2617 omui

144 2696 228 2758 Parte
242 2699 309 2767 ioci,
329 2700 378 2760 hic
392 2703 499 2778 passim
513 2700 614 2762 nitidis
628 2705 749 2761 instrata
761 2702 866 2780 lapillis

145 2846 225 2905 Inter
237 2841 365 2906 odoratis
377 2854 536 2905 consertam
550 2846 669 2906 floribus
680 2845 807 2907 herbam

147 2992 256 3052 semita
270 2991 365 3071 signet
377 2991 510 3061 humum,
529 3001 560 3050 et
571 2992 685 3051 sinuusu
696 2992 814 3051 trmnite
825 2997 903 3050 curru

147 3143 227 3205 Quin
239 3143 332 3202 varios
344 3142 437 3202 etiam
447 3141 544 3199 ricino
557 3140 590 3197 iu
599 3138 732 3215 margine
745 3136 829 3197 estiis

149 3286 290 3346 Miscebis
303 3287 416 3343 circum
428 3283 561 3350 frutices,
576 3301 752 3359 omnemque
766 3282 879 3342 notabis

149 3433 221 3492 Arte
232 3431 340 3498 lacum,
359 3438 389 3487 et
401 3429 477 3489 sotiis
489 3448 556 3508 quse
569 3438 637 3487 sunt
647 3427 820 3489 discrimina
832 3444 903 3488 cuue

154 3578 202 3636 Sic
215 3575 300 3652 positi
315 3574 392 3642 iuter
405 3593 438 3632 se
448 3576 548 3633 mistos
561 3575 672 3632 variare
685 3571 805 3643 cubres,

154 3721 303 3782 Innumeri
318 3728 350 3779 ut
362 3719 473 3798 possint
484 3717 581 3790 fustus,
599 3725 669 3799 quot
683 3716 791 3777 olentia
805 3717 863 3778 iate
