2160 4372
140 750 190 806 m
399 752 487 816 REX,
504 751 527 806 Α
545 752 724 808 VIOLENTA

106 1011 109 1015 Α
138 945 276 1022 Antiquis
289 947 398 1022 patrias
410 946 572 1005 convellunt
584 946 703 1005 sedibus
716 966 817 1008 arces:

140 1090 196 1150 Hic
207 1099 306 1167 tarpen
320 1091 426 1150 illaesas
436 1109 517 1149 arces
529 1092 667 1169 lucosque
679 1096 795 1170 quietos

137 1236 263 1295 Cernere
273 1246 345 1306 erat,
356 1237 452 1295 letam
466 1237 515 1295 hic
527 1237 629 1295 vallem
643 1257 825 1316 camposque
835 1240 937 1299 virentes

138 1384 351 1464 Luxuriemque
363 1387 432 1444 soli:
455 1394 569 1444 tantum
581 1387 657 1444 valet
671 1388 730 1447 alta
743 1387 871 1447 locorum

137 1530 269 1611 Relligio,
287 1542 318 1592 et
331 1553 421 1592 mcrae
434 1534 565 1592 custodia
577 1535 691 1594 credita
704 1536 811 1596 Musae.

176 1681 220 1738 At
233 1699 277 1737 res
291 1681 420 1754 majores,
440 1698 545 1757 pacem
558 1680 752 1739 referentibus
765 1683 859 1750 annis.

137 1827 246 1905 Incipit
261 1828 403 1886 Henricus
412 1850 421 1897 ;
442 1828 584 1905 uiridique
599 1830 629 1886 in
643 1830 776 1905 margine
788 1831 860 1907 ripis

135 1972 225 2033 Tecta
235 1976 321 2043 locat,
340 1994 495 2053 murosque
509 1976 642 2034 humenti
655 1975 749 2033 limite
760 1976 878 2035 clandit.

136 2120 257 2180 Necnon
271 2130 407 2200 augustas
420 2141 499 2180 arces
510 2121 674 2198 molemque
688 2140 850 2198 perennem

136 2271 206 2346 lpas
218 2273 314 2330 Mans
328 2271 429 2346 addit3
452 2270 531 2339 felix,
550 2272 574 2329 si
588 2272 715 2346 pectoris
726 2278 813 2329 aestus

135 2416 265 2475 &desset
280 2419 375 2485 Musa,
395 2426 425 2475 et
437 2425 567 2475 mentem
580 2420 610 2474 in
622 2416 744 2475 meliora
754 2416 883 2476 tulisset!

135 2558 178 2617 Tu
192 2579 309 2638 quoque
323 2561 503 2619 carminibus
516 2564 619 2620 nostris
633 2562 749 2632 diceris,
769 2561 860 2633 Elisa,

134 2707 246 2784 Regina
258 2709 386 2766 Oceani:
408 2727 502 2786 neque
516 2718 555 2776 te,
574 2710 695 2779 Jacobs,
713 2712 830 2783 tacebo,

133 2854 228 2914 Quem
243 2854 323 2913 sedes
338 2855 481 2914 Pictorum
495 2856 620 2913 humiles
633 2867 663 2915 et
676 2858 798 2934 parvula
812 2858 899 2919 tellus

134 3005 294 3082 Imperium
308 3004 410 3065 misere
425 3007 455 3063 in
469 3025 627 3085 magnum:
647 3006 717 3065 hinc
730 3008 843 3068 scilicet
855 3019 963 3069 omne!

132 3156 234 3219 lsicola
247 3157 402 3234 assumpsit
414 3157 506 3228 vires3
527 3155 596 3213 hinc
609 3153 743 3214 condidit
754 3156 859 3216 urbem

131 3305 292 3373 AEtemam,
311 3315 399 3381 atque
414 3304 471 3362 alte
484 3303 579 3361 evexit
592 3320 679 3378 super
692 3301 803 3362 oetheru
811 3303 935 3364 samum.

172 3455 233 3512 Nec
247 3463 346 3512 tamen
360 3454 519 3511 immeritos
532 3461 614 3511 tanta
628 3451 811 3530 indulgentia
825 3472 929 3535 regum

131 3600 254 3679 Excepit
262 3601 400 3674 juvenes:
421 3601 493 3676 quin
508 3599 591 3660 Isidis
604 3599 704 3658 accola
717 3607 850 3660 mentem

131 3749 251 3828 Semper
263 3749 353 3809 hebet
365 3766 535 3816 memorem,
555 3766 670 3826 semper
683 3749 793 3825 pietate
803 3746 883 3808 fideli
