2160 4402
269 762 385 816 DUXl'l'
402 760 552 816 ARATRA
570 759 735 815 COLONUS.
885 757 919 810 88

93 955 189 1021 turea,
208 972 264 1011 nec
278 953 353 1012 foliis
363 952 500 1015 densatur
512 963 626 1033 myrtea
640 953 716 1031 sylva
724 973 733 1026 ;

93 1101 123 1159 n
137 1119 239 1159 secura
252 1102 345 1177 quies,
364 1110 608 1179 tempestatesque
622 1118 730 1158 serente

93 1249 148 1307 ton
161 1249 279 1314 absunt,
300 1255 420 1306 vernant
434 1248 513 1307 sacili
527 1249 580 1306 tibi
594 1265 701 1325 pascua
715 1244 798 1314 coelo,
840 1219 844 1226 Ι

93 1397 222 1458 Stralles
234 1408 367 1458 resonant
380 1401 488 1459 crebris
502 1400 661 1478 mugitibus
675 1401 742 1456 ime
756 1417 763 1453 ε

93 1539 126 1600 Αἰ
135 1560 259 1618 procera
270 1545 348 1620 viget
360 1546 462 1621 patriis
477 1546 507 1602 in
520 1544 668 1604 montibus
680 1543 746 1610 ilex,

93 1686 246 1746 tentumm
263 1689 403 1748 auxilium
418 1692 525 1758 nautis,
536 1710 601 1769 quae
616 1691 691 1748 mole
705 1708 761 1766 per
774 1685 866 1746 undu

93 1833 198 1894 turrita
211 1835 326 1893 innabit
337 1835 458 1904 medias,
477 1835 637 1914 vexillaque
651 1835 745 1894 fausta

93 1979 134 2041 ad
147 1981 223 2039 soles
237 1981 307 2039 alios
319 1982 405 2040 vehet
418 1983 613 2059 invictamque
622 1984 784 2058 juventam.

93 2126 185 2186 Cernis
199 2136 233 2186 ut
244 2129 377 2186 Oceanus
391 2130 445 2188 tibi
456 2131 567 2188 circum
581 2129 702 2187 brachia
714 2125 820 2196 tendit,

93 2276 249 2353 'nvitatque
262 2285 356 2350 rates3
377 2277 490 2354 ignotas
504 2296 634 2355 quaerere
647 2284 739 2334 terras

93 2421 221 2482 lulumbi
236 2431 350 2482 tentant
363 2423 422 2492 alii,
441 2423 636 2502 proauumque
648 2425 742 2481 secuti

93 2567 241 2646 auspicia,
259 2575 289 2626 et
302 2570 423 2627 memori
437 2577 601 2646 repetentes
614 2578 730 2647 pectore
744 2568 865 2636 famam,

93 2714 210 2790 'mpune
225 2708 388 2790 adjungunt
399 2713 501 2789 patriis
514 2731 587 2770 nova
600 2712 695 2772 littora
707 2714 815 2791 regnis.

122 2856 183 2916 Sed
194 2857 332 2935 quianam
343 2864 477 2914 externas
488 2856 545 2914 late
559 2875 647 2934 vagor
659 2855 726 2915 exul
738 2856 769 2913 in
781 2856 862 2947 pras?

93 3003 150 3064 En!
171 3004 282 3078 majora
292 3002 371 3062 dorni
384 3010 503 3072 restant,
521 3011 550 3060 et
562 3005 657 3080 gratia
670 3020 768 3060 rerum

93 3153 193 3212 [atior
204 3149 342 3229 effirlget:
363 3167 412 3208 vos
424 3149 455 3208 o!
479 3150 583 3208 salvete
597 3148 731 3208 laborum

93 3296 233 3364 Fautores,
252 3296 296 3354 sic
308 3314 458 3373 nunquam
473 3294 597 3354 audaces
610 3304 730 3372 proruat
743 3312 829 3354 ausus

93 3443 193 3504 uani·
203 3459 277 3500 saera
290 3458 403 3509 manus,
423 3441 573 3499 Britonum
587 3459 659 3518 gens
669 3438 769 3501 floreat
779 3444 869 3502 armis

93 3588 209 3656 hstacts,
222 3598 251 3646 et
263 3596 361 3666 gratas
371 3585 504 3666 pandens
517 3603 577 3663 pax
586 3603 675 3651 aurea
684 3604 797 3664 pennas

93 3731 184 3811 Usque
198 3740 289 3812 tegat,
308 3730 475 3811 ferrumque
488 3732 591 3792 uirenti
604 3730 711 3796 condat
723 3733 812 3794 oliva!

475 3885 537 3937 oa
